2558 4314
571 32 624 116 14

45 219 213 296 Tabulae
233 221 448 324 Eugobinae
468 219 617 295 tandem
642 211 842 325 aliquando
864 249 992 302 omnes
1014 246 1050 305 et
1067 236 1147 304 uni-

43 371 168 421 versae
190 349 263 428 suis
289 366 459 448 quaeque
484 344 628 439 litteris,
658 349 776 450 iisque
803 347 848 423 ad
875 353 995 454 ipsum
1022 329 1147 437 arebe-

42 485 175 575 typum
199 469 473 572 diligentissime
499 474 696 574 expressis,
730 475 768 547 in
794 472 955 549 medium
979 478 1148 578 profere-

43 598 190 670 bantur.
241 591 355 688 Quod
380 621 543 670 menon
567 611 706 670 temere
732 595 939 691 credidisse,
968 604 1007 686 ii,
1036 620 1146 705 puto,

43 721 135 794 mihi
157 717 377 812 concedent,
401 723 466 821 qui
486 722 618 812 sciunt,
649 722 880 818 omniafere,
904 749 1146 828 quaecunque

44 842 92 920 de
111 847 265 920 Etrusca
291 843 493 918 litteratura
515 857 626 946 atque
651 843 775 947 lingua
796 844 939 923 doctius
962 845 1148 924 indoctius
1177 848 1182 858 ’

44 969 220 1072 deinceps
246 966 427 1070 disputata
454 983 551 1061 sunt,
587 993 607 1040 a
634 967 788 1045 Tabulis
813 973 1030 1074 Eugubinis,
1064 978 1145 1048 tan-

45 1121 155 1199 quam
174 1119 195 1167 a
214 1093 412 1203 largissime
438 1106 598 1166 scatente
622 1091 740 1186 fonte,
768 1097 935 1196 profecta
958 1075 1145 1201 atquere-

42 1223 157 1323 petita
178 1243 269 1309 esse,
298 1220 348 1290 ita
367 1227 409 1290 ut
427 1215 577 1290 historia
597 1217 806 1292 tabularum
826 1222 898 1292 iam
917 1220 1011 1295 facta
1028 1245 1148 1325 paene

42 1343 210 1422 videatur
222 1341 374 1416 historia
388 1339 592 1414 litterarum
604 1341 852 1416 Etruscarum.
869 1385 909 1400 --
929 1333 1042 1435 Quod
1056 1373 1147 1423 vero
1252 1359 1254 1361 ’

43 1466 88 1542 ad
102 1465 215 1542 fidem
233 1464 341 1538 huius
361 1463 520 1567 exempli
534 1469 672 1554 attinet,
685 1465 841 1540 affirmat
854 1467 932 1568 ipse
945 1466 1145 1557 Bonarota,

45 1591 282 1694 „archetypo
304 1589 440 1664 similes
463 1587 729 1692 diligenterque
753 1588 961 1664 emendatas
981 1615 1020 1665 se
1042 1590 1143 1664 exhi-

41 1720 130 1792 bere
148 1715 304 1808 tabulas,
330 1741 444 1816 quum
462 1717 501 1789 in
521 1713 704 1807 omnibus,
727 1729 984 1818 praeterquam
1003 1718 1042 1788 in
1059 1715 1148 1788 cha·

42 1857 223 1917 racterum
258 1835 525 1940 magnitudine,
565 1838 694 1913 formis
730 1837 952 1941 quibusdam
989 1865 1143 1943 respon·

42 1966 164 2057 deant,
194 1989 305 2068 super
329 1966 417 2066 ipsis
438 1962 573 2037 tabulis
598 1967 796 2068 impressis,
827 1991 917 2067 quas
939 1963 1077 2040 iamdiu
1098 1962 1144 2040 ad

40 2097 162 2197 ipsum
192 2091 431 2164 transmiserit
460 2087 731 2183 Bonarcnturi,
771 2089 912 2164 Montis
943 2089 1145 2194 Physconis

39 2219 247 2320 Episcopus
271 2231 308 2289 et
329 2216 525 2289 novissime
545 2214 806 2307 Mancinforte,
835 2213 1145 2315 Archiepiscopus

39 2335 344 2444 Neapolitanus.”
368 2335 500 2440 Neque
518 2335 557 2411 id
577 2365 621 2412 ex
638 2363 735 2415 rano
748 2335 922 2436 gloriatus
936 2351 1002 2425 est,
1027 2333 1143 2408 sedin

40 2468 149 2540 rebus
169 2462 231 2543 vel
257 2464 504 2535 minutissimis
526 2462 667 2561 ubique
685 2459 758 2533 tale
780 2474 949 2561 expertus
971 2483 1051 2530 sum
1069 2456 1143 2532 hoc

41 2587 263 2692 exemplum,
293 2583 401 2685 quale
423 2581 487 2656 ille
505 2585 675 2685 promisit
692 2581 773 2680 (²⁸).
817 2582 947 2685 Itaque
966 2585 1143 2655 maximae

41 2679 185 2817 semper
201 2710 310 2784 nobis
330 2711 399 2781 erit
422 2709 661 2782 auctoritatis.
698 2703 804 2800 Quae
822 2708 861 2780 in
877 2705 1142 2781 Additamento

39 2841 225 2914 Bonarota
244 2830 292 2906 de
308 2831 442 2906 tabulis
462 2829 627 2924 adnotat,
650 2834 796 2906 nonita
816 2831 944 2924 multa,
974 2828 1038 2906 sed
1057 2847 1142 2933 apte

41 2980 78 3038 et
101 2953 329 3039 considerate
348 2954 444 3030 dieta
467 2971 564 3030 sunt.
609 2956 695 3060 Ipse
721 2960 794 3030 iam
820 2961 1035 3059 suspicatur,
1064 2982 1143 3029 non

39 3089 293 3175 Etruscorum,
327 3080 392 3156 sed
417 3079 646 3155 Umbrorum
678 3105 772 3184 opus
804 3106 894 3171 esse,
930 3079 1038 3154 acute
1065 3085 1142 3154 ani-

39 3208 283 3298 madvertens,
311 3205 413 3280 nulla
436 3205 497 3279 bic
523 3193 721 3297 obversari,
752 3229 846 3307 quae
872 3204 1078 3307 frequentia
1103 3207 1143 3277 in

39 3337 202 3410 Etruscis
222 3333 487 3424 monumentis,
515 3332 627 3408 verba
646 3333 686 3405 in
709 3329 745 3404 al
767 3326 983 3404 desinentia.
1024 3325 1070 3403 In
1089 3327 1139 3402 al·

86 3557 155 3637 (28)
180 3555 280 3618 Mali.
303 3561 371 3618 Oss.
383 3557 505 3617 Laecv.
524 3579 554 3638 p
563 3569 626 3620 331.
666 3554 1053 3638 „Quiritem-stampato
1081 3553 1143 3616 cosi
1181 3563 1188 3570 ⁴

40 3656 230 3734 ledelmente,
248 3658 303 3722 che
316 3659 337 3720 il
351 3657 442 3746 vader
453 3656 481 3718 la
494 3668 602 3739 stampa
616 3658 633 3720 ὲ
646 3659 726 3738 quasi
739 3678 823 3721 come
837 3660 928 3720 vader
939 3658 983 3742 gli
996 3657 1142 3742 originali.
1151 3703 1167 3748 ·.

39 3759 140 3823 Felice
159 3761 190 3820 lo
209 3761 306 3824 studio
326 3759 393 3823 dell’
411 3759 560 3838 antichiti,
579 3780 610 3822 se
628 3761 697 3822 tutti
715 3760 726 3820 i
744 3759 927 3822 monumenti
946 3758 1059 3821 fossero
1077 3758 1143 3822 atati

39 3860 200 3943 pubblicati
219 3884 276 3926 con
294 3862 382 3949 ugual
400 3861 553 3948 diligenza.
586 3862 628 3922 La
646 3860 741 3926 lorma
756 3860 833 3924 delle
845 3859 955 3922 lettere
969 3859 986 3922 b
1000 3861 1142 3943 perfetta-

39 3974 138 4024 mente
157 3963 276 4044 imitata,
295 3986 312 4027 e
331 3967 355 4028 si
371 3965 440 4049 pub·
451 3965 526 4045 dire,
545 3963 600 4027 che
614 3985 675 4028 non
689 3966 713 4028 c'
726 3963 836 4062 equari
849 3962 955 4026 lettera
967 3961 999 4026 in
1012 3963 1111 4026 fallo!2
