2558 4314
422 13 667 104 '.18

84 213 299 284 certationes
324 207 451 282 Italiae
483 205 643 282 redditas
670 211 835 303 inseruit,
869 239 954 287 cum
980 241 1043 290 sua
1063 231 1193 293 ¹tamen

85 332 334 425 adnotatione,
366 336 406 405 in
441 359 513 435 qua
545 358 662 435 quum
692 334 761 409 alia
787 319 1015 440 Bourguetio
1047 342 1193 444 prolata

84 456 268 548 emendet,
302 459 444 561 primus
464 455 532 556 (⁴2)
558 459 666 532 etiam
692 457 796 552 vidit,
830 481 1043 565 comparato
1074 495 1192 542 numo

83 583 335 685 Iguvinorum,
366 608 477 685 quem
495 581 594 685 apud
612 583 875 687 Dempsterum
889 584 956 687 (⁴³)
972 614 1192 692 repraesen-

83 723 200 781 tatum
217 704 333 799 vides,
357 733 487 783 vocem
504 708 542 779 in
561 707 696 782 tabulis
715 708 1065 813 frequentissimam:
1093 712 1191 791 Iku-

84 835 203 925 vina,
241 831 419 907 Iiovina
452 855 543 904 non·
561 857 646 910 cum
678 823 905 936 Bourgu'etio
938 835 1190 942 explicandam

85 983 181 1032 esse:
205 961 382 1046 inventus,
404 950 470 1028 sed
489 951 535 1028 ad
553 956 668 1056 ipsam
687 959 818 1033 urbem
831 960 1068 1062 Iguvinorum
1083 987 1185 1065 spec.

84 1097 176 1173 tare,
203 1085 253 1154 ita
278 1095 321 1153 ut
345 1081 418 1152 iam
442 1067 521 1151 non
545 1077 701 1180 amplius
719 1081 950 1182 Eugubinae,
979 1086 1054 1186 sed)
1068 1087 1186 1190 Iguvi.

86 1231 153 1280 nae
179 1202 358 1308 appellari
383 1205 582 1306 potuerint?
598 1201 761 1278 tabulae.
1262 1295 1263 1298 Ἴ

185 1329 316 1429 Longe
333 1329 517 1403 severiore
535 1329 684 1428 ingenio
703 1324 844 1401 accedit
863 1326 909 1403 ad
932 1356 1011 1404 rem
1028 1333 1144 1409 Mass
1146 1361 1190 1411 e-

47 1467 50 1474 ’
85 1457 152 1527 ius
177 1456 216 1528 in
238 1451 569 1528 Observationibus
586 1433 790 1524 Litterariis
807 1448 890 1551 (⁴⁴),
918 1457 984 1558 qni
1004 1461 1190 1532 acerrimis

84 1603 185 1670 sane,
212 1602 334 1679 neque
361 1600 451 1653 vero
477 1577 612 1676 iniquis
633 1576 739 1648 armis
761 1578 950 1678 impugnat
966 1575 1047 1650 illas
1066 1578 1187 1652 Bour·
1261 1579 1263 1622 ἕ

85 1705 211 1805 guetii,
234 1699 342 1776 Gorii
360 1698 522 1775 inficetas
540 1698 816 1793 hariolationes,
838 1701 1093 1805 permultaq'ue
1113 1699 1187 1776 dis-

84 1842 203 1931 putat,
225 1822 325 1900 unde
343 1849 430 1901 vere
450 1827 616 1900 criticum
634 1849 719 1898 eum
738 1851 960 1927 cognoscere
977 1828 1108 1930 possis.

87 1953 90 1960 ’
185 1949 317 2026 Paucis
344 1951 448 2023 annis
473 1964 561 2052 post
586 1950 800 2023 subsecutus
827 1966 882 2025 est
904 1952 967 2026 Io.
986 1950 1185 2042 Lamius,

38 2117 39 2120 ¹
86 2074 132 2152 de
151 2101 241 2179 quo,
263 2099 378 2176 quum
391 2072 549 2148 Litteras
570 2076 646 2148 eius
662 2072 1032 2180 Gualfondianasstff)
1048 2078 1190 2150 a.1742
1261 2049 1263 2137 i

86 2205 125 2274 in
142 2200 263 2274 lucem
281 2195 401 2272 editas
421 2201 492 2302 ipsi
516 2197 607 2272 mihi
631 2196 849 2302 inspiciendi
874 2203 988 2301 copia*
1008 2224 1086 2272 non
1109 2199 1188 2272 fue·
1261 2245 1262 2252 κ

85 2328 146 2417 rit,
179 2322 359 2425 relegasse
383 2325 523 2400 iuvabit
548 2320 594 2396 ad
619 2322 798 2421 Lanzium
815 2320 896 2419 (⁴⁶),
930 2324 994 2421 qui
1019 2321 1119 2392 hunc
1143 2321 1187 2392 li·

85 2441 195 2524 h'rum
223 2444 361 2522 iudicat
392 2449 492 2539 „un'
507 2471 620 2547 opera
644 2445 733 2518 satta
757 2469 826 2546 per
851 2446 1004 2545 giuoco;
1035 2425 1095 2516 nia
1119 2441 1189 2518 che

86 2577 257 2650 contiene
283 2573 411 2645 ottime
438 2568 632 2643 riflessioni
657 2592 677 2658 e
703 2570 990 2670 ingegnosissimi
1015 2566 1187 2668 raziocinj

39 2739 42 2744 ·
86 2721 130 2774 su
154 2698 192 2772 la
215 2697 340 2798 lingua
365 2689 555 2770 etrusca.’'
1001 2799 1006 2810 Κ
1062 2709 1064 2714 ’

187 2822 369 2896 Maiorem
402 2814 571 2898 adsecuta
602 2831 687 2890 sunt
712 2815 963 2890 celebritatem
988 2831 1099 2918 atque
1124 2844 1188 2894 au-

87 2949 306 3036 ctoritatem,
337 2966 430 3045 quae
456 2957 581 3016 nostra
600 2943 639 3014 in
662 2965 785 3014 caussa
805 2943 890 3026 satis
909 2943 1081 3044 copiosus
1100 2966 1189 3044 pro-

89 3128 255 3192 Olivieri
273 3151 361 3208 sopra:
379 3134 481 3188 alcuni
495 3134 675 3187 monumenti
684 3132 808 3199 Pelasgi
816 3132 922 3186 diretta
933 3134 967 3186 al
977 3130 1040 3200 Sta.
1053 3131 1189 3186 Marcello
1258 3159 1259 3164 =

88 3237 282 3292 Fioner'an‘ni.
301 3235 518 3297 Peram.1735.

35 3391 38 3398 .
141 3335 204 3413 (42)
231 3340 313 3412 p.17.
502 3385 505 3402 .

141 3435 203 3515 (43)
230 3439 297 3494 Etr.
309 3438 381 3506 Ree.
395 3431 527 3512 talam,
535 3434 562 3494 lt.

141 3539 205 3618 (44)
232 3540 434 3596 Oseerooubni
443 3539 611 3602 nesterone,
626 3542 677 3593 cho
685 3557 812 3608 possano
824 3541 913 3594 servir
924 3541 958 3594 δι’
970 3529 1189 3594 concinnatione

90 3649 123 3699 ol
137 3645 261 3698 Giornnl
270 3646 313 3697 de‘
323 3641 466 3697 Letterota’
475 3645 503 3696 d’
519 3642 615 3696 natm
632 3636 671 3697 T.
677 3637 715 3698 V.
740 3643 772 3696 in
784 3643 900 3698 Verona
912 3646 991 3704 1739·
1008 3634 1046 3696 Τ.
1052 3633 1106 3695 VI.
1117 3631 1188 3695 ibid·

92 3741 173 3808 etto·
191 3740 268 3800 Vide
280 3738 412 3821 inprimis
425 3740 517 3801 TNL
529 3760 559 3820 p.
567 3748 612 3801 85.
625 3757 707 3822 seqq.
1069 3789 1072 3800 .

141 3842 204 3922 (4⁵)
229 3847 340 3902 neom
356 3846 748 3920 ouarsonatanednsnnor
760 3838 1060 3904 clementanini.
1080 3839 1161 3907 1111.

141 3944 205 4023 (¹4⁶)
229 3949 337 4018 Soceio
349 3952 381 4006 dr·
390 3949 506 4018 lingna
518 3948 586 4006 Etr.
599 3943 670 4006 Τ.Ῑ.
683 3956 766 4024 p011·
776 3953 821 4005 13.
