2558 4314
588 14 640 101 12

110 202 329 278 Rudlucifu:
360 201 538 278 edadunf:
565 204 773 281 slduoblas:
800 209 996 288 eslramitu:
1023 220 1157 294 aceisur
1276 239 1277 312 j

110 326 278 402 inumelrt
315 325 503 404 ledfiama:
540 329 668 405 sranfi:
705 329 906 436 fdiafegde:
941 335 1158 419 rduselmfu:
1276 333 1277 350 ¹

110 449 224 555 epek:
253 448 386 526 surdu·

38 591 96 676 'et
120 579 377 691 interpretatus
403 593 479 652 est·
1021 653 1023 656 .

108 698 188 774 Rex
207 715 349 776 noster:
374 700 558 775 Dominus
577 705 721 779 noster:
747 647 952 781 elduohlas:
981 712 1160 788 excitator

108 839 251 900 no:ster
280 841 552 928 paternoster:
584 842 620 900 et
644 825 848 929 legislator·
878 830 1059 906 liberatrix
1084 862 1153 909 no·
1216 829 1217 832 ¹

109 964 181 1024 stra
213 965 346 1023 meter:
381 949 542 1023 Domina
575 967 717 1026 nostra:
754 951 971 1056 Fdialegda:
1008 955 1153 1032 Contri-

105 1077 248 1148 tionem
273 1089 454 1147 nostram:
486 1071 697 1149 educendo:
724 1076 1054 1178 propulsavenmt:

56 1196 191 1272 Nonne
222 1201 363 1271 mireris
395 1223 481 1273 cum
512 1197 655 1276 Catone
681 1199 762 1298 (2⁷),
801 1201 992 1302 quomodo
1024 1203 1160 1279 horum

54 1322 290 1426 haruspicum
314 1321 419 1415 alius,
450 1349 562 1425 quum
590 1323 651 1396 alii
664 1325 823 1410 sobriam
846 1324 978 1418 fieret‚.
993 1334 1160 1430 potuerit

54 1450 168 1520 risum
192 1447 343 1520 tenere?
379 1445 470 1522 Post
495 1451 796 1522 commentarium
823 1465 957 1544 autem,
992 1455 1057 1553 qui
1082 1457 1156 1526 sin·
1224 1501 1229 1507 -
1276 1439 1277 1490 l

54 1571 154 1673 gulas
179 1595 288 1648 voces
315 1571 497 1674 explicare
522 1568 658 1664 studet,
689 1573 757 1646 sub
782 1571 894 1646 finem
922 1572 1084 1648 eiusdem
1108 1575 1151 1649 li-

53 1694 146 1770 belli
176 1719 214 1768 se
247 1722 382 1798 cupere
413 1693 501 1771 dicit
526 1693 664 1770 Baldus
691 1713 817 1771 noster
847 1696 987 1800 aliquid
1014 1703 1052 1773 in
1076 1725 1152 1774 me·

53 1819 155 1893 dium
188 1817 369 1894 adducere
403 1817 449 1894 de
482 1823 525 1894 iis
533 1847 543 1913 3
582 1845 675 1922 quae
710 1820 755 1895 ad
786 1822 933 1896 tabulae
965 1823 1156 1900 historiam
1190 1889 1193 1898 ,

52 1947 272 2048 pertineant,
302 1941 375 2018 sed'
391 1970 506 2046 quum
530 1969 570 2018 ea
593 1946 846 2020 obscurissima
867 1951 940 2022 sint
960 1963 996 2021 et
1011 1957 1157 2049 percitus
1247 2021 1251 2030 .

52 2085 151 2142 extra
177 2073 291 2172 ip'sius
317 2071 566 2170 cognitionem
592 2073 731 2173 posita,
766 2069 995 2148 audacissimi
1020 2099 1059 2146 se
1085 2102 1155 2175 pu·
1276 2065 1277 2092 l

51 2209 129 2268 tare
154 2197 304 2296 ingenii,
335 2197 525 2298 quippiam
552 2219 594 2268 ea
621 2192 666 2270 de
692 2223 732 2271 re
758 2203 848 2268 certi
868 2185 1047 2297 profiteri.

154 2317 333 2422 Sequenti
359 2345 457 2392 anno
482 2319 578 2392 liber
604 2317 722 2392 editus
754 2333 809 2390 est
831 2319 940 2417 Ypris
965 2302 1168 2388 Adriani
1276 2313 1277 2392 l

17 2447 19 2454 ’
50 2440 290 2516 Scrieekii:
324 2446 412 2517 Van
437 2441 466 2512 ’t
488 2437 629 2536 Begln‘n
654 2441 721 2510 der
743 2455 874 2510 eerster
894 2437 1055 2514 Voleden
1074 2467 1152 2513 van

49 2569 238 2666 Europen,
258 2561 533 2662 ira-sonderhcyt
548 2551 625 2633 vati
642 2561 713 2634 den
726 2562 947 2662 Oorspronelr
964 2563 1055 2636 ende
1066 2565 1153 2638 Sae-
1276 2629 1277 2640 2

45 2692 118 2763 'den
131 2691 197 2761 der
208 2691 253 2764 N
250 2685 526 2759 eder-Lorzdren
526 2741 541 2783 ,
565 2699 679 2753 XXII!
686 2685 852 2760 Boeclren
865 2705 929 2760 eto.
942 2688 1151 2762 beschrcven

48 2815 137 2886 door
147 2811 310 2886 Adrt'aen
322 2837 398 2882 aran
414 2809 571 2907 Ser-acels,
596 2808 700 2881 heere
720 2837 797 2884 van
812 2811 988 2886 Rodornc.
1013 2811 1045 2882 t'
1052 2813 1150 2911 Ypre

53 2938 164 3011 1614.
178 2935 257 3036 sol.
286 2979 327 2992 -
369 2934 415 3007 In
443 2930 552 3008 huius
579 2937 701 3036 operis
726 2934 836 3009 lib.I.
858 2943 972 3038 12:32.
1001 2933 1151 3010 exhibet

49 3076 178 3135 auctor
208 3058 360 3134 alteram
391 3057 556 3133 tabulam
580 3057 767 3150 Latinam,
806 3063 912 3162 cuius
941 3058 1151 3160 exemplum

46 3185 193 3260 Parisiis
220 3183 310 3256 olim
335 3209 373 3258 se
400 3186 581 3286 accepisse
607 3181 720 3256 refert
744 3208 764 3254 a
788 3186 867 3258 viro
891 3181 1052 3284 quodam
1076 3181 1148 3256 cla-

46 3313 203 3400 rissime,
239 3310 303 3408 qui
328 3305 447 3381 Roma
478 3307 653 3382 attulerit.
701 3305 762 3380 De
787 3307 991 3409 Eugubinis
1015 3307 1147 3381 tabulis

47 3433 141 3509 nihil
171 3446 401 3535 compertum
431 3430 573 3507 habuit.
621 3431 667 3505 In
691 3429 765 3504 hoc
790 3457 879 3508 vero
907 3443 1145 3506 monumento

47 3559 334 3660 antiquissimam
366 3553 481 3627 latere
517 3558 721 3658 suspicatur
752 3554 913 3658 linguam
946 3554 1143 3656 Belgicam,

47 3680 85 3755 id
113 3680 214 3784 quod
241 3678 465 3753 demonstrat
480 3674 661 3798 ⁸videlicet
689 3682 795 3754 initio
824 3679 989 3755 tabulae:
1031 3680 1148 3755 Suru-

98 3938 160 4015 (tt)
188 3935 261 3998 Cic.
275 3939 311 3998 de
326 3937 414 4000 divio.
428 3939 521 4014 [Lil.
590 4025 591 4028 Ἰ
