2558 4314
86 191 189 268 tandi
214 196 308 267 ratio
332 217 483 295 prorsus
503 190 549 264 ad
571 217 665 285 eam,
694 221 805 297 quam
825 173 1082 301 Bour'guetius,
1112 203 1194 280 Go-

86 321 173 411 rius,
206 315 354 390 Lamius
379 312 638 409 adhibuerunt,
672 321 741 392 nisi
772 301 874 422 quod
900 321 1054 400 Latinae
1080 335 1193 431 magis

85 443 182 519 favet
207 439 463 546 etymologiae,
490 441 633 515 Maffeii
657 441 726 517 bac'
751 442 900 546 quidem
924 451 964 521 in
985 475 1041 542 re,
1069 468 1114 528 ut
1135 448 1192 530 viss

85 564 205 658 detur,
235 566 430 639 obsecutus
459 568 622 641 monitis.

182 688 350 764 Eandem
382 686 561 791 denique,
604 717 714 792 quam
746 691 896 770 Lamius
929 686 1192 802 interpretatus

83 831 161 890 erat
191 813 369 906 tabulam,
402 815 558 916 repetiit·
582 818 692 888 etiam
717 815 977 896 Bardettius
992 801 1067 924 (ἢ
1085 853 1188 902 suam

82 943 194 1045 ipsius
226 937 399 1019 adiiciens
429 952 619 1056 praeterea
649 942 1010 1044 interpretationem,
1045 949 1182 1052 quaid

80 1067 312 1168 potissimum
341 1064 488 1138 evicisse
522 1062 591 1136 sibi
615 1061 772 1154 videtur,
808 1067 904 1143 nibil
929 1070 986 1146 his
1012 1076 1051 1147 in
1074 1075 1183 1149 rebus

78 1188 260 1294 proficere
297 1211 419 1289 posse,
464 1188 534 1260 nisi
573 1191 637 1290 qui
671 1186 835 1266 Gallicae
869 1192 1184 1302 Germanicaeque

78 1314 224 1415 linguae
249 1297 494 1422 sufficientem
516 1313 586 1384 sibi
612 1307 880 1416 comparaverit
893 1321 1104 1396 seientiam.

179 1433 432 1511 Ludovicus
461 1433 745 1536 Lanzius(⁵³),
780 1454 823 1513 ut
849 1465 988 1534 omnes,
1025 1447 1180 1544 quicun-

78 1587 151 1665 que
177 1576 261 1635 ante
286 1562 408 1663 ipsum
433 1558 553 1633 bisin
579 1558 706 1635 studiis
731 1587 884 1667 operam
914 1564 1074 1667 aliquam
1098 1567 1178 1640 col-

76 1686 309 1796 locaverunt,
347 1709 487 1757 summa
518 1687 655 1786 pariter
690 1682 856 1795 doctrina
889 1704 997 1791 atque
1029 1691 1179 1790 ingenio

74 1808 173 1884 haud
204 1808 344 1910 vulgari
376 1806 533 1915 multum
566 1835 653 1897 sane
685 1828 844 1914 superat,
874 1815 936 1906 ita',
972 1839 1043 1916 qua
1069 1817 1180 1888 etiam

74 1933 253 2009 modestia
280 1948 317 2006 et
340 1935 606 2033 promissorum
631 1932 885 2017 moderatione
912 1937 1000 2031 fuit,
1035 1941 1180 2043 ipsein

72 2055 334 2164 principio(⁵⁴)
362 2059 484 2160 operis
507 2063 576 2152 sui,
605 2063 737 2134 merito
761 2061 1050 2156 celebratissimi,
1077 2067 1179 2167 inge·
1270 2077 1271 2139 ἑ

73 2209 146 2262 nuc
176 2182 391 2287 profitetur,
428 2209 467 2257 se
496 2183 596 2259 hunc
618 2185 757 2260 librum
781 2189 961 2278 scribere,
997 2214 1075 2260 non
1101 2215 1178 2288 quo

72 2335 111 2383 se
137 2324 261 2412 speret
285 2307 476 2382 Etruscam
500 2307 661 2408 linguam
687 2307 733 2379 ab
760 2310 862 2379 omni
886 2317 992 2406 parte
1016 2306 1175 2379 illustra·
1201 2361 1203 2368 .

70 2449 317 2522 turum-esse,
354 2427 418 2503 sed
450 2444 492 2500 ut
517 2427 682 2502 conferat
707 2423 753 2499 ad
780 2426 880 2500 hunc
904 2425 1017 2502 finem
1041 2453 1175 2503 monu-

69 2571 278 2629 mentorum
302 2551 514 2654 plenissimo
540 2575 693 2624 recensu
716 2566 753 2624 et
779 2566 956 2652 quantum
980 2550 1062 2626 fieri
1085 2580 1174 2656 pos·

69 2683 135 2772 sit,
149 2678 415 2752 accuratissima
429 2671 690 2779 descriptione.
734 2672 818 2769 Qua
830 2678 1075 2779 promissione
1088 2705 1175 2752 eum
1263 2759 1264 2813 p

69 2829 147 2877 non
173 2801 257 2906 plus
282 2803 322 2874 in
347 2824 386 2873 se
411 2803 605 2903 recepisse,
641 2825 752 2901 quam
775 2804 1009 2905 praestitisse,
1043 2817 1169 2892 nemo,
1262 2831 1263 2904 t

67 2943 174 3033 put0,
205 2928 286 3018 erit,
317 2927 407 3027 quin
429 2921 602 3004 lubenter
627 2923 833 2999 confirmet.
889 2922 1034 3018 Quodsi
1053 2922 1171 2998 nihilo

67 3057 186 3127 minus
211 3069 343 3138 tamen,
359 3073 623 3152 saepenumero
650 3052 760 3123 etiam
783 3049 867 3152 plus
886 3063 1070 3151 praestare
1090 3064 1171 3123 ten·
1260 3099 1261 3103 =

67 3179 169 3269 tavit,
200 3203 310 3279 quam
334 3191 433 3249 recte
462 3177 694 3278 promiserat,
722 3177 899 3276 temporis
924 3176 1048 3276 potius
1073 3171 1170 3246 illius
1259 3173 1260 3196 ¹

117 3422 147 3502 (⁵
150 3421 179 3500 2)
204 3407 292 3478 Della
303 3422 420 3490 Lingua
432 3427 477 3477 δι’
486 3426 579 3494 primi
587 3425 726 3478 adiutori
739 3426 805 3477 dell'
817 3425 918 3487 Italia,
936 3441 1024 3493 opera
1031 3432 1170 3491 postuma

66 3523 115 3584 del
128 3522 223 3584 Padre
238 3519 424 3582 Stanislao
438 3521 616 3581 Bardetti.
634 3527 665 3578 in
678 3526 811 3581 Modena.
831 3529 912 3588 1772.
934 3519 1151 3604 pagati-284.

117 3624 180 3704 (53)
206 3630 313 3697 Saggio
331 3630 364 3682 di
372 3626 489 3695 bagua
501 3627 629 3682 Etrusca
640 3646 657 3680 e
668 3629 701 3681 di
711 3632 786 3682 altre
798 3631 913 3683 amatha
925 3630 946 3680 d
950 3630 960 3655 '
971 3626 1072 3681 aab.
1097 3618 1134 3681 T.
1141 3618 1167 3680 I.

64 3726 105 3786 Π.
122 3724 154 3787 in
168 3725 273 3787 Roma.
289 3735 369 3793 17⁸9·
1111 3715 1114 3722 ι

115 3829 177 3908 (54)
203 3850 231 3909 p.
241 3841 268 3888 3.
282 3827 320 3889 cf.
336 3850 364 3910 p.
375 3832 441 3893 770:
465 3824 576 3900 Questa
595 3825 612 3886 ὲ
632 3824 658 3886 la
677 3825 815 3903 raccolta,
834 3824 865 3886 in
879 3823 938 3903 cui,
959 3836 1047 3886 torno
1060 3842 1075 3886 a
1088 3822 1165 3906 ripe-

64 3940 139 4004 tere,
156 3941 198 3989 sta
211 3929 231 3988 il
246 3931 380 4014 maggior
392 3928 497 4014 pregio
512 3927 560 3989 del
574 3920 633 3989 mio
647 3926 734 3989 libro.
