2558 4314
596 2 653 89 22
728 99 731 106 ,

72 195 170 272 idem
190 196 349 272 valuerit
366 211 535 297 utraque.
583 195 809 269 Tabularum
834 213 1045 274 nostrarum
1071 205 1184 302 quin.

73 345 146 424 que
176 321 339 394 Etruscis
376 319 507 394 litteris
539 321 735 422 inscriptae
766 308 870 412 sunt,
911 317 1006 432 duae
1039 328 1184 429 eaeque

72 447 249 534 maximae
274 441 428 536 Latinis,
465 471 556 548 quas
586 447 696 518 etiam
728 444 898 519 nonnulli
923 471 1063 522 versus,
1079 450 1179 524 exhi-

72 573 176 662 bent,
200 573 265 671 qui
281 573 346 644 uni
365 565 410 644 ex
425 569 587 644 Etruscis
604 569 739 644 tabulis
758 565 920 644 adiuncti
939 588 1037 646 sunt.
1079 573 1181 649 Alia-
1262 601 1264 662 i

75 719 157 767 rum
184 719 336 796 quoque
362 696 574 770 breviorum
597 695 878 797 inscriptionum
896 693 1110 790 Umbricae,
1139 717 1184 775 ut

72 814 231 911 videtur,
260 818 419 922 linguae,
454 820 632 921 scriptura
658 834 714 893 est
737 817 883 909 Latina,
911 820 1066 895 Etrusca
1089 849 1180 898 vero

72 942 318 1046 plurimorum
350 967 559 1016 numorum.
616 940 737 1036 Quam
771 941 923 1046 quidem
956 944 1174 1020 litteraturae
1264 971 1265 990 ¹

75 1071 299 1160 varietatem,
326 1082 368 1142 ut
386 1069 523 1142 nonin
540 1065 726 1142 Umbricis
744 1082 903 1158 tantum,
925 1066 991 1144 sed
1015 1075 1055 1144 in
1075 1049 1175 1146 Oscis

75 1215 226 1294 quoque
252 1206 363 1296 atque
389 1190 451 1267 vel
480 1193 568 1294 ipsis
593 1195 633 1265 in
658 1193 820 1266 Etruscis
839 1192 907 1294 (⁵⁵)
934 1199 1178 1270 monumentis

74 1317 268 1418 reperitur,
292 1319 342 1389 ita
359 1315 467 1391 facile
485 1319 718 1420 perspicitur,
742 1314 1087 1411 nedumEtruscos,
1115 1319 1181 1394 sed

74 1441 184 1514 etiam
205 1437 323 1514 Oscos
341 1423 472 1514 Latina
497 1441 701 1546 litteratura
728 1443 831 1542 quasi
858 1439 1068 1516 secundaria
1091 1471 1182 1518 usos

74 1587 166 1638 esse.
210 1563 263 1638 At
284 1569 448 1670 quamvis
469 1566 531 1656 rel
554 1566 699 1668 linguae
724 1561 1177 1668 reperiantur'nnnnullae

74 1684 337 1792 discrepantiae
362 1693 468 1766 inter·
484 1707 722 1765 monumenta
738 1691 890 1765 Etrusco
905 1704 1024 1792 atque
1042 1686 1177 1762 Latine
1266 1703 1267 1734 ³

74 1815 226 1916 scripta,
263 1814 404 1907 nullam
435 1830 560 1890 tamen
591 1813 783 1918 hucusque
817 1817 863 1890 ab
893 1812 972 1888 aliis
995 1811 1176 1916 prolatam

74 1941 232 2039 cognovi
248 1942 466 2013 sententiam
486 1937 533 2014 de
551 1942 699 2032 caussis,
730 1965 775 2013 ex
795 1943 931 2042 quibus
950 1935 1064 2014 modo
1083 1937 1180 2012 hauc
1267 1957 1268 2022 3

75 2059 189 2136 modo
222 2062 372 2138 alteram
402 2062 643 2140 litteraturam
672 2081 815 2143 veteres
849 2065 1046 2144 maluerint
1078 2061 1181 2137 adhi-

73 2186 182 2281 bere,
221 2185 285 2262 sed
322 2191 416 2264 miro
450 2187 564 2265 modo
599 2194 718 2264 omnis
749 2192 891 2290 generis
923 2191 1183 2287 inscriptiones

75 2315 315 2406 commixtae,
343 2311 544 2415 eademque
571 2337 699 2386 omnes
723 2313 866 2382 ratione
892 2305 1069 2378 admissae
1094 2326 1183 2380 sunt

74 2437 113 2507 in
139 2434 365 2509 enucleanda
390 2435 520 2506 harum
543 2433 748 2532 linguarum
773 2443 914 2502 natura.
962 2423 1046 2519 Qua
1065 2428 1112 2518 ¹in
1140 2454 1180 2502 re
1268 2429 1269 2432 ’

75 2562 104 2632 si
129 2558 190 2633 vel
219 2581 434 2656 magnorum
459 2555 651 2628 nominum
678 2552 953 2627 auctoritatibus
980 2550 1101 2625 obniti
1125 2555 1179 2627 vi-

75 2707 148 2772 sus,
175 2704 311 2766 novam
329 2681 402 2752 iam
423 2679 639 2752 sententiam
664 2673 993 2780 audeo'proferre,
1022 2701 1069 2750 eo
1096 2674 1178 2749 dili-

74 2807 215 2907 gentius
241 2802 332 2878 haec
357 2801 448 2876 mihi
473 2800 665 2906 probanda
692 2805 773 2895 erit,
805 2819 847 2877 ut
871 2801 1072 2878 lectoribus
1099 2826 1179 2874 eam

74 2925 328 3034 persuadeam,
359 2952 434 3031 quo
455 2929 602 3002 maioris
629 2955 697 3032 per
723 2953 872 3002 omnem
897 2925 991 3000 hanc
1016 2920 1178 3042 disputa-

73 3059 216 3129 tionem
240 3053 311 3128 erit
334 3055 527 3128 momenti.
976 3129 982 3142 ,

178 3179 266 3252 Tria
283 3155 382 3270 sunt,
412 3203 507 3282 quae
526 3179 566 3250 in
593 3177 763 3251 omnibus
780 3173 916 3250 Italiae·
934 3173 1180 3248 monumentis

54 3279 324 3378 'examinandis
342 3328 363 3375 a
384 3305 515 3404 quovis
539 3291 698 3377 tenenda
722 3315 831 3403 puto,
856 3303 1025 3401 primum,
1052 3297 1176 3370 Etrus-

76 3455 137 3503 cas
167 3428 422 3529 inscriptiones
451 3451 599 3530 semper
627 3428 844 3502 vetustiores
870 3419 1058 3510 habendas
1084 3441 1176 3507 esse,
1226 3461 1230 3467 ·

78 3580 189 3654 quam
208 3532 370 3640 Latinas,
396 3530 580 3650 siquidem
602 3548 737 3625 eodem
761 3549 950 3653 profectae
974 3549 1046 3620 sint
1071 3540 1177 3615 loco:

77 3677 217 3768 decade,
246 3677 437 3749 Etmscam
463 3699 573 3775 quam
599 3671 726 3749 dicunt
751 3673 992 3749 litteraturam
1018 3663 1179 3746 diverso-

79 3839 282 3859 ‘’U-*—

70 3975 74 3985 .
130 3928 204 4007 (⁵⁵)‘
220 3929 296 3991 Vide
310 3932 416 3993 tanc.
431 3936 523 4004 aare.
531 3931 556 3992 1.
570 3953 599 4013 p.
610 3936 670 3994 168.
682 3951 745 4010 sqq.
