2558 4314
637 23 690 111 13

116 240 216 298 rant.
229 199 469 324 pesnimumo.
484 231 654 292 surmont
669 215 811 306 unita.
826 213 1037 288 atausaeuo
1048 265 1057 284 .
1070 213 1217 312 prinna-

119 365 201 421 tur.
216 349 303 420 simo
318 360 441 419 .etut0
458 397 468 415 .
484 339 653 438 orasont'.
668 341 731 410 vrit
747 390 757 410 .
777 364 864 438 pora
879 389 889 412 .
905 340 1078 421 benuo„
1115 332 1217 438 quod

119 475 169 545 ita
192 468 349 574 explicat
375 465 421 542 ad
446 464 601 541 verbum
625 458 857 534 translatum:
899 464 998 536 'l'sur
1025 487 1116 536 utun
1141 486 1219 536 was

121 600 251 695 m'mon,
282 610 359 668 tsur
386 616 492 685 utun,
522 591 567 658 tie
588 585 656 658 doe
678 585 728 656 iet
748 583 844 680 aaſss.
892 586 941 658 In
965 589 1066 685 bring
1087 601 1216 662 water.

126 718 207 794 Tsie
232 717 408 812 moedoet,
435 710 560 810 er-as,
589 708 666 782 aud
685 708 779 809 wyd
797 732 888 782 voor
907 709 1131 809 werd-vus,
1158 707 1220 786 vel

1 860 2 868 ’
116 859 160 918 ut
186 841 323 942 Belgae
357 859 424 911 suo
456 850 624 938 tempore
655 832 990 937 pronuntiaverint:
1033 834 1107 906 Ter·
1128 861 1221 908 oren

117 995 163 1068 sy
188 971 359 1060 ruerunt,
396 977 451 1034 ter
472 987 576 1057 oren,
612 958 671 1030 die
695 957 764 1030 doe
784 974 854 1057 yet
882 955 976 1055 crass.
1015 939 1071 1030 'In
1103 959 1221 1058 burge

118 1105 251 1166 water.
283 1085 413 1160 Indica
431 1084 600 1181 ntesdoet,
624 1082 756 1182 lucras,
777 1081 869 1154 ende
885 1097 968 1181 wyt
984 1106 1075 1154 voor
1090 1081 1222 1156 werde

1 1269 2 1290 1
68 1183 72 1198 Ι
119 1228 218 1311 vuyt
242 1197 334 1310 (Hac
357 1209 448 1284 hora
473 1211 522 1282 sit
541 1231 666 1298 namn,
695 1204 764 1278 hac
782 1204 888 1298 hora,
919 1208 983 1308 qui
1004 1204 1111 1280 faciat
1131 1201 1221 1307 quid

121 1337 268 1410 sinistri.
301 1333 405 1408 Intro
424 1333 519 1407 ferat
538 1356 663 1433 aquas.
698 1327 739 1403 Si
759 1329 855 1403 male
874 1330 975 1423 faxit,
1003 1329 1090 1404 hinc
1112 1326 1221 1404 deor-

114 1487 213 1560 sum,
238 1459 383 1563 procul,
407 1458 580 1558 forasque
601 1479 680 1530 sese
701 1455 868 1554 avertat).
897 1452 1116 1530 Sedvereor
1131 1457 1218 1545 iam,

117 1611 166 1659 ne
190 1584 372 1689 prolixior
391 1582 525 1658 fuerim
544 1582 583 1654 in
601 1574 834 1683 proferendis
853 1576 911 1652 his
930 1581 1089 1682 ineptiis.
1127 1577 1221 1654 Gra-

116 1714 190 1784 tius
212 1733 299 1784 sane
320 1707 485 1797 fecerim,
515 1708 579 1805 qui
599 1700 756 1778 adiicere
776 1705 927 1807 possim,
956 1707 1222 1779 accuratissime

117 1850 244 1908 tamen
274 1828 421 1903 tabulae
454 1827 662 1932 exemplum
694 1831 916 1930 exscriptum
946 1831 1120 1931 reperiri,
1157 1841 1219 1920 ut,

123 1978 218 2056 quae
236 1955 416 2028 variantes
435 1951 613 2026 lectiones
633 1951 695 2028 vel
713 1951 861 2027 levioris
887 1955 1065 2028 momenti
1089 1948 1220 2056 depre-

121 2073 348 2167 henduntur,
378 2099 436 2149 eas
463 2073 656 2176 diligenter
681 2072 860 2149 notandas
887 2073 1066 2150 duxerim.

226 2199 415 2274 Thomas
434 2198 744 2301 Dempstcrus,
776 2202 840 2299 qui
858 2201 931 2272 iam
951 2224 985 2273 a.
999 2201 1093 2272 1619
1115 2223 1222 2303 prae-

121 2325 260 2402 clarum
280 2349 385 2398 suum
404 2322 465 2398 De
480 2323 628 2396 Etruria
646 2320 780 2424 Regali
800 2321 1008 2398 absolverat
1026 2349 1133 2426 opus,
1154 2348 1222 2397 no·

119 2465 221 2527 verat
252 2445 401 2551 quidun
432 2464 575 2524 nostras
592 2446 762 2540 tabulas,
799 2472 934 2550 easque
960 2463 1224 2522 commemorat

120 2579 159 2649 in
189 2573 259 2648 lib.
274 2572 307 2646 Ι.
333 2599 459 2666 cxx„
496 2571 559 2648 sed
593 2573 769 2648 Etruscae
805 2571 950 2674 linguae
985 2587 1224 2646 monumenta

120 2701 333 2816 existimans
355 2722 403 2770 ne
434 2697 611 2800 syllabam
637 2694 787 2800 qsridem
813 2722 852 2776 se
877 2696 1083 2799 intelligere
1107 2695 1222 2801 profi-

119 2839 231 2898 tetur.
281 2818 400 2894 Annis
432 2817 580 2894 demum
609 2823 703 2897 1723
732 2837 769 2896 et
799 2821 894 2896 1724
925 2837 1012 2925 post
1042 2825 1225 2922 integrum

120 2945 319 3037 saeculum,
350 2969 395 3018 ex
420 2969 495 3046 quo
521 2947 697 3047 scriptum
717 2944 801 3036 fuit,
829 2943 1018 3044 hocopus
1040 2940 1224 3018 edendum

123 3073 261 3144 emavit
285 3069 452 3143 Thomas¹
476 3065 583 3143 Coke
616 3071 690 3144 sive
723 3066 860 3142 Comes
892 3063 937 3140 de
968 3066 1155 3142 Leicester
1187 3083 1225 3143 et

122 3191 312 3297 permultis
332 3193 574 3268 Etruseorum
594 3193 841 3265 monumentis
868 3194 1132 3266 accsuatissime
1159 3190 1223 3266 de-

122 3317 266 3410 lineatis
296 3314 536 3420 locupletavit
560 3315 803 3418 Philippus
827 3313 1066 3392 Bonarota.
1109 3314 1224 3411 Quod

123 3467 238 3544 quum
262 3437 406 3515 abhoc
431 3445 513 3545 ipso
539 3456 708 3542 tempore
734 3465 844 3515 omne
865 3441 1100 3528 Etruscarum
1125 3440 1223 3514 litte-

122 3592 244 3640 rarum
269 3559 430 3637 studium
455 3591 590 3642 novam
614 3565 718 3667 'quasi
738 3567 813 3642 vim
833 3581 944 3670 atque
964 3568 1144 3666 impetum
1163 3589 1222 3638 ce·
1277 3665 1278 3672 ἵ

122 3692 217 3792 pisse
248 3684 434 3782 videatur,
476 3687 585 3766 huius
614 3692 669 3764 rei
701 3716 779 3766 non
811 3689 1030 3767 levissimam
1062 3714 1224 3763 caussam
1277 3713 1278 3718 ’

123 3826 266 3916 praeter
294 3813 382 3888 alias
409 3839 490 3890 eam
516 3839 667 3919 quoquc
697 3817 873 3889 exstitisse
906 3811 1084 3912 suspicor,
1121 3808 1223 3912 quod

123 3939 221 4012 inter¹
235 3934 310 4031 illa,
337 3963 432 4042 quac
448 3938 638 4020 Bonarota
657 3937 1090 4041 exhihuitmonumenta,
1115 3933 1224 4003 etiam
