2558 4314
566 44 653 136 102
744 39 746 44 ’

384 246 417 313 2.
442 239 502 315 De
534 244 808 338 contractione,
846 245 1041 342 elisionc,.
1059 250 1157 328 adie-

443 367 566 441 ctione
590 366 789 445 vocalium.

236 488 283 564 Π.
316 488 381 564 De
407 488 578 565 litteris
603 495 990 576 consonantibus.¹
1035 542 1037 546 .

386 621 418 688 l.
442 613 502 690 De
527 619 731 692 mutatione
757 625 1047 697 consonantium.

384 747 416 812 2.
441 739 501 814 De
525 744 786 818 coniunctione
812 751 1102 823 consonantium.

381 873 417 938 3.
441 863 501 938 De
521 868 721 942 omissione
739 881 777 943 et
795 866 1005 947 adiectione
1022 899 1148 948 como·

441 991 620 1063 nantium.

292 1159 294 1164 ,
381 1117 415 1184 4.
438 1111 500 1187 De
512 1115 719 1190 abiectione
732 1120 1155 1196 consonantiuminfini·

406 1261 409 1266 ’
440 1239 510 1312 bus
535 1241 747 1315 uerborum.

50 1361 290 1467 Cap.Hl.De
315 1364 572 1438 nominibus
598 1363 773 1464 linguae
794 1360 1048 1466 Umbriam,
1077 1393 1151 1442 eo·

277 1513 462 1589 rumque
489 1485 807 1561 declinatione.

216 1610 282 1686 De
312 1611 464 1689 verbis
488 1610 668 1713 linguae
691 1595 942 1702 Umbricae'‚
975 1635 1148 1685 eorum·

238 1761 361 1838 que
386 1737 721 1837 coniugatione
862 1747 865 1754 '

46 1859 202 1966 CapJV
215 1859 297 1934 De'
304 1863 515 1952 ratione,
546 1883 629 1963 qua
656 1863 701 1934 in
725 1858 1065 1937 vocabulorum
1090 1863 1148 1934 si-

211 1983 602 2087 gnificationes
616 1981 934 2088 inquirendum
960 1988 1028 2058 sit.

215 2109 416 2186 Latinam
440 2107 635 2211 linguam
662 2135 752 2186 non
777 2134 871 2183 esse
898 2112 1088 2182 mixtam.

214 2234 279 2310 De
312 2235 580 2336 cognatione
610 2234 789 2339 linguae
816 2233 1053 2309 Umbricae
1085 2249 1148 2308 at·

277 2383 361 2462 que
385 2358 587 2434 Latinae.

213 2483 278 2558 De
305 2481 419 2559 Osca
443 2480 607 2583 lingua.

213 2607 279 2684 De
305 2606 455 2706 lingua
481 2605 680 2680 Etrusca.

46 2730 188 2836 Cap.V.
204 2729 279 2806 De
303 2744 564 2831 argumento
589 2726 856 2804 tabularum.

168 2873 172 2880 '
213 2855 281 2934 De
304 2853 511 2930 formulis
536 2853 800 2929 tabularum,
882 2863 889 2878 “

213 2959 560 3060 De'nominibus
585 2981 799 3085 propriis.

126 3151 130 3158 ·
214 3103 499 3184 Recensentur
526 3101 745 3180 vocabula
775 3102 1147 3178 enuntiationes-

103 3309 105 3316 ,
135 3273 138 3286 ·
227 3255 382 3332 aque,
419 3243 611 3330 quarum
641 3253 824 3304 sensum
854 3227 969 3299 satis*
991 3250 1149 3327 magna

275 3352 1146 3456 cumprobabilitateassequipoaaumus.

47 3477 203 3586 Cap-Vl,
215 3477 282 3555 De
308 3478 508 3556 victimis·
524 3478 570 3550 in
594 3475 765 3552 tabulis
791 3473 1048 3579 appellatis.

214 3601 280 3676 De
307 3599 394 3678 diis
417 3597 700 3703 Umbrorum.

194 3787 196 3790 .
217 3723 418 3804 subiicitur
434 3748 604 3800 excursus
621 3723 687 3800 De
710 3724 852 3800 numia
869 3721 1146 3797 Umbrorum.

381 3919 756 3982 'mmm-u·-
