2558 4314
88 225 131 322 Z)
159 238 196 296 et
221 250 286 296 san
312 220 388 321 (ὃ),
420 247 579 324 quorum
605 239 833 326 postremum
848 224 1017 321 ’ἐπίσημον
1046 236 1196 338 quidem

86 356 267 448 equorum
285 347 525 421 retinebatur.
572 347 639 422 Est
664 364 785 423 autem
801 375 869 425 =res
895 370 1001 447 nota,
1033 357 1195 437 Graecos

86 475 124 544 in
144 472 272 544 ceteris
292 471 463 545 omnibus
484 471 561 545 fere
583 470 741 546 eundem
761 501 922 552 servasse
941 479 1112 558 ordinem
1132 485 1192 561 lit·

85 611 258 686 terarum,
279 597 345 697 qui
362 594 432 669 fuit
449 593 545 699 apud
563 595 768 673 Phoenices
788 616 826 674 et
843 597 1047 679 Hebraeos.
1084 607 1193 702 Quos

87 722 183 792 enim
201 723 242 794 in
258 717 443 794 vocalium
464 719 687 794 Graecarum
707 723 799 797 locis
824 727 942 801 varios
967 731 1114 829 spiritus
1134 737 1190 820 vi·

85 841 213 918 demus
244 847 283 916 in
315 842 513 946 alphabeto
545 843 818 936 Hebraeorum,
854 846 901 923 de
933 853 976 925 iis
1005 851 1184 954 perlegas,

86 993 180 1070 quae
210 967 396 1070 praeclare
424 963 592 1041 disseruit
617 967 822 1072 Koppius
840 970 933 1074 (¹⁹⁷).
979 975 1049 1050 Illa
1073 957 1186 1071 enim,

84 1109 125 1166 ut
143 1089 241 1194 apud
261 1107 401 1164 ceteros
419 1090 594 1193 populos,
615 1115 643 1162 =a
669 1095 855 1196 principio
880 1099 1066 1175 vocalium
1091 1105 1190 1203 signa

85 1217 208 1307 fuisse,
251 1213 333 1288 luce
367 1213 501 1288 clarius
538 1211 811 1290 demonstrarit.
870 1218 1031 1298 Litteras
1071 1243 1189 1300 autem

85 1339 312 1414 Graecorum
342 1341 437 1442 ipsas
463 1339 648 1412 Hebraico
681 1335 811 1411 ordine
838 1351 1062 1444 compositas
1090 1350 1187 1425 exhi.

84 1466 205 1538 buisse
230 1465 382 1540 iuvabit.

404 1575 501 1655 (Vide
517 1585 687 1656 sequentem
703 1573 862 1659 paginam.)

184 1711 310 1787 Unum
340 1711 401 1786 hic
431 1707 677 1785 desideramus
707 1683 866 1812 signum,
902 1709 1003 1813 quod
1031 1737 1191 1815 respon·
1258 1707 1259 1748 l

83 1837 167 1912 deat
195 1835 338 1911 litterae
366 1835 480 1928 dsain,
502 1851 625 1937 atque
647 1851 840 1937 ¹praeterea
865 1839 1099 1938 transpositio
1124 1838 1190 1912 lit-
1248 1792 1260 1963 l

82 1978 243 2036 terarum
269 1966 302 2034 Μ
332 1964 427 2034 et1
459 1956 634 2034 notanda.
688 1957 868 2033 Litteram
902 1963 946 2037 -Ι-
974 1962 1049 2060 (Ξ),
1086 1963 1193 2034 cuius
1241 1966 1254 2078 p

83 2090 225 2189 signum
245 2100 397 2188 postero
415 2100 584 2186 tempore
609 2110 654 2157 ex
680 2087 712 2158 Ψ
736 2086 819 2184 (χῖ)
844 2087 948 2186 signo
975 2083 1112 2157 factum
1137 2087 1191 2160 vi·
1249 2084 1254 2096 '

84 2209 217 2302 dimus,
240 2213 319 2283 iure
339 2209 400 2283 hic
419 2211 635 2300 omittimus,
659 2232 781 2310 neque
803 2211 996 2310 quisquam
1016 2208 1086 2280 sibi
1104 2233 1188 2309 per·

83 2334 263 2426 suadebit,
293 2332 353 2410 vel
371 2360 505 2408 sonum
526 2337 593 2407 ΨΣ
613 2331 673 2409 vel
690 2336 833 2432 signum
856 2333 915 2422 ·l·‚
943 2330 1007 2418 velv
1028 2312 1184 2434 denique

83 2487 221 2534 nomen
237 2459 278 2559 ξῖ
292 2455 430 2558 aliquid
450 2455 587 2530 habere
608 2480 802 2553 commune
820 2481 904 2528 cum
929 2452 1033 2527 dsain
1051 2453 1183 2538 littera.

83 2582 253 2657 Adfuisse
277 2596 402 2653 tamen
428 2565 636 2681 aliquando
653 2581 692 2651 in
710 2577 856 2652 Graeco
884 2603 1034 2680 quoque
1063 2579 1190 2681 alpha·
1262 2619 1263 2688 p

83 2708 173 2781 beto
194 2709 289 2778 inter
308 2707 335 2778 F
354 2718 390 2776 et
412 2705 443 2776 Η
472 2701 680 2778 sibilantem
705 2701 877 2796 litteram,
908 2699 994 2776 inde
1019 2718 1187 2806 apparet,
1262 2693 1263 2772 l

85 2827 187 2934 quod
218 2827 345 2902 locum
370 2824 521 2929 quidem
548 2843 738 2904 servarunt
764 2844 875 2930 atque
901 2827 1009 2901 aliam
1037 2823 1188 2901 sibilan-

83 2973 159 3031 tem
189 2957 350 3028 inscrere
382 2955 425 3026 iis
458 2955 700 3026 necessarium
733 2954 851 3030 visum
884 2969 949 3026 cst.
1004 2953 1053 3026 Et
1088 2946 1190 3054 quod

83 3083 204 3183 ipsum
232 3075 363 3152 thsade
394 3080 501 3177 (zeta)
525 3076 605 3170 ‚huc
636 3073 952 3178 transponendum
985 3074 1189 3178 elegerunt,

84 3209 237 3277 innuere
255 3200 412 3293 videtur,
442 3199 545 3276 dsain
565 3201 615 3274 ob
634 3203 740 3274 nimis
763 3199 819 3272 illi
844 3197 1000 3273 similem
1024 3226 1192 3302 pronun·

82 3322 273 3403 tiationem
292 3323 389 3429 apud
411 3324 574 3401 Graecos
594 3323 796 3409 abolevisse
821 3322 881 3399 rel
900 3349 920 3396 a
940 3322 1194 3398 Phoenicibus

85 3481 162 3530 non
178 3464 375 3552 receptam
401 3429 491 3524 esse.
538 3447 614 3523 San
641 3453 803 3551 quoque
817 3447 976 3523 litteram
1001 3470 1192 3546 nunquam

86 3574 183 3681 apud
213 3574 376 3649 Graecos
402 3576 441 3646 in
465 3571 766 3676 pronuntiatione
793 3575 983 3674 asigmate
1009 3565 1190 3645 diversam
1257 3567 1259 3591 ¹

16 3771 18 3782 ,
85 3701 195 3800 [inisse
212 3715 319 3802 puto,
350 3700 513 3807 quamvis
534 3701 675 3801 signum
694 3695 936 3772 Phoenicium
954 3687 1110 3786 ἐπίσημον
1132 3719 1188 3768 re-

1260 3051 1263 3104 l

85 3868 289 3886 F-——W

137 3954 216 4032 (¹⁹⁷)
242 3957 345 4014 Bauer
356 3965 417 4042 ιιῃιι
428 3959 572 4032 Sentseen
586 3964 636 4013 aas
650 3959 766 4014 osane
779 3949 865 4049 myli.
877 3964 980 4030 prro.
994 3977 1057 4038 sqq.
1073 3965 1134 4018 tae.
