2558 4314
575 19 631 110 74

205 179 317 282 ¹Umlr.
350 226 464 284 Etrusc.
520 227 587 284 Ore.
628 231 727 288 Rom.
749 233 919 292 Umbram
937 237 1039 296 Graec.

91 331 290 413 chuades
394 333 424 412 ἕ
535 341 565 412 Ζ
688 383 706 399 -
820 387 839 402 -
948 351 1057 449 1(z)

403 485 451 519 ··
541 505 561 522 ·
686 468 717 558 Q
808 471 859 546 θ
937 469 1032 574 (9)

259 501 289 660 (l
394 588 567 688 0(‘t)0
654 590 711 666 R
820 596 846 669 R
956 601 980 670 Ρ

144 1947 227 2043 Qua
250 1953 289 2024 in
309 1937 549 2053 dispositione
570 1977 686 2053 quum
705 1953 745 2024 in
764 1951 932 2041 Etrusco
952 1951 1144 2043 Umbrico,

41 2073 141 2150 Osco
172 2071 370 2178 alphabeto
398 2082 434 2156 V
461 2075 601 2178 signum
628 2079 667 2149 in
691 2069 778 2150 loco
803 2102 898 2171 xvc,
931 2079 969 2150 in
997 2076 1142 2152 Graeco

40 2216 78 2274 et
104 2200 238 2275 Latino
270 2189 366 2274 inter
397 2198 610 2276 accedentes
640 2199 779 2274 litteras
811 2204 1013 2304 posuerim,
1050 2227 1145 2304 opus

40 2341 107 2418 est,
136 2341 178 2400 ut
203 2325 272 2400 hac
299 2322 412 2399 dere
437 2323 576 2428 aliquid
604 2323 783 2398 adiiciam.

142 2458 205 2523 20.
223 2457 285 2522 23.
322 2459 357 2527 ν
378 2453 417 2521 in
443 2449 577 2522 tabulis
602 2449 777 2522 Umbrice
806 2450 950 2550 scriptis
975 2449 1094 2524 solam
1119 2477 1143 2524 u

38 2573 205 2649 vocalem
230 2571 446 2672 significare,
479 2599 587 2675 supra
612 2570 788 2664 vidirnus3
821 2573 862 2646 in
886 2571 1027 2646 Latinis
1052 2601 1142 2651 vero

1269 2007 1271 2116 l

39 2695 173 2772 tabulis
205 2695 313 2768 simul
344 2694 511 2771 vocalem
542 2711 579 2769 et
609 2711 876 2770 consonantem
901 2723 929 2771 v
956 2701 1135 2800 exprimit,
1269 2725 1270 2812 p

39 2813 262 2924 accessitque
291 2836 480 2923 praeterea
505 2819 643 2898 vocalis
670 2851 701 2895 ο.
759 2818 937 2915 Quaestio
964 2827 1137 2914 exoritur,

37 2964 162 3022 utrum
192 2935 350 3039 Etntsci,
384 2944 530 3039 Umbri,
569 2943 658 3020 Osci
688 2961 799 3048 atque
830 2961 909 3020 tota
935 2946 1013 3019 fere
1038 2946 1142 3020 Italia

38 3075 260 3176 aprincipio
284 3068 434 3176 quidem
454 3099 475 3143 ο
495 3061 655 3145 litteram
679 3068 887 3161 habuerint,
917 3065 1051 3144 deinde
1078 3071 1143 3144 ab·

37 3201 205 3287 iecerint,
235 3194 450 3270 aRomanis
471 3194 630 3300 denique
656 3219 780 3268 rursus
805 3195 1026 3297 receperint,
1056 3221 1143 3269 ana

37 3324 165 3425 primis
179 3317 275 3426 ¹inde
299 3322 529 3422 temporibus
556 3345 637 3393 eam
659 3345 738 3392 non
762 3317 971 3393 habuerint.
1070 3383 1072 3388 .

139 3443 263 3546 Atque
283 3469 398 3546 quum
417 3443 504 3519 alibi
529 3440 838 3537 contenderimus,
855 3442 974 3518 ‘facile
996 3439 1141 3516 nullum

39 3567 129 3650 olim
158 3569 269 3643 fuisse
299 3565 496 3672 populum,
532 3571 596 3674 qui
629 3569 815 3672 scripserit
845 3567 1005 3643 litteram
1036 3563 1142 3640 aliter

37 3709 148 3794 atquc
172 3693 476 3794 pronuntiaverit,
506 3695 671 3795 speciose
692 3695 765 3766 iam
786 3692 919 3796 aliquis
946 3691 1139 3786 obiecerit,

38 3832 122 3891 ante
149 3813 287 3907 otor,
306 3825 342 3891 2.
372 3831 409 3890 et
433 3843 451 3887 o
477 3831 514 3890 et
540 3843 565 3888 ω
592 3833 631 3890 et
659 3845 694 3890 ro
720 3816 860 3894 litteras
884 3838 953 3916 per
978 3815 1142 3894 solumo

38 3943 193 4039 signum,
222 3955 326 4024 seta
347 3955 384 4014 et
402 3967 428 4012 ει
447 3963 515 4041 per
534 3937 689 4012 solums
709 3942 851 4042 signum
875 3939 1029 4042 scriptas
1047 3943 1144 4018 csse

117 4216 271 4274 A
