2558 4314
154 167 247 258 ‚,Ex
265 165 382 241 Libro
401 165 719 253 Reformationum
740 166 905 244 Civitatis
923 169 1082 272 Eugubii
1103 177 1150 248 ab

47 315 146 368 anno
178 293 272 364 1463
299 289 345 364 ad
376 290 470 364 1457
495 317 534 394 p.
551 298 635 364 132‘.

150 412 300 488 Eisdem
313 441 424 504 3333,
442 412 663 506 Indictione,
684 413 967 510 ctPontificatu,
989 417 1050 502 die
1063 447 1150 497 vero

48 539 113 612 25.
130 537 296 640 Augusti.
338 539 473 613 Actum
493 539 653 640 Eugubii
679 542 718 616 in
744 539 819 614 sala
844 545 1025 645 superiori
1045 543 1150 620 Pala·

47 666 91 738 tii
121 660 355 738 Residentiae
383 662 663 764 Magnificorum
686 663 776 738 DD.
807 664 1078 760 Confalonerii,
1114 688 1153 745 et

49 785 257 864 Consulum
289 784 406 862 dictae
437 786 620 878 Civitatis,
655 792 908 892 praesentibus
940 788 1008 865 Ser
1037 791 1149 868 Patro

51 909 187 986 Ferodi
204 927 242 986 et
257 912 419 1015 Baptista
436 910 615 1013 Fulginen
631 911 737 1012 Lutii
751 913 924 988 Testibns
938 914 1036 998 1331131
1053 915 1148 994 Can·
1170 951 1174 958 ·

49 1034 199 1110 cellario
218 1038 315 1117 33313
335 1032 489 1110 adhaec
507 1035 654 1129 habitis,
684 1039 830 1116 vocatis
841 1054 879 1113 33
897 1044 1046 1141 rogatis.

149 1157 286 1236 Paulus
304 1157 476 1261 Gregorii
501 1156 548 1234 da
570 1158 645 1262 sig.
652 1215 663 1253 ,
691 1158 875 1234 habitator
899 1162 1061 1264 Eugubii
1084 1190 1152 1269 per

50 1309 103 1375 33,
130 1309 216 1358 3333
237 1281 422 1358 Haeredes
449 1300 487 1358 et
508 1281 744 1372 83333333333
772 1300 809 1358 33
832 1287 913 1360 3133
939 1302 976 1360 33
1001 1293 1152 1364 nomine

48 1405 283 1484 Presentiuae
308 1407 423 1483 Filiae
450 1407 541 1483 olim
565 1409 747 1484 Francisci
767 1408 849 1484 Vici
871 1408 1007 1510 Maggi‚
1037 1427 1081 1484 et
1096 1413 1149 1486 D.

48 1530 211 1632 Angelae
235 1531 371 1608 Uxoris
398 1529 435 1608 d.
454 1531 576 1625 Pauli,
603 1557 673 1636 pro
693 1559 773 1635 ,qua
795 1531 1007 1608 Prosentina
1033 1530 1151 1616 dictus

48 1653 184 1730 Paulus
210 1655 257 1730 de
282 1673 362 1732 rato
390 1660 560 1759 promisit
586 1673 656 1731 333.
686 1654 801 1750 dedit,
830 1654 992 1750 tradidit,
1021 1655 1149 1734 tendi·
1203 1673 1209 1694 ⁰

50 1776 117 1872 dit,
146 1784 253 1855 cessit
279 1797 316 1855 33
341 1785 522 1856 333333313
546 1779 750 1882 Magnificis
773 1781 863 1856 DD.
886 1779 1151 1858 Confalonerio

49 1921 88 1980 et
105 1903 330 1980 Constdibus
349 1903 467 1981 dictae
486 1905 652 1982 Civitatis
670 1921 709 1980 et
727 1905 818 1982 mihi
834 1903 1037 1983 Guerrerio
1056 1904 1152 1982 Can·

49 2028 198 2106 callario
212 2030 306 2104 infra
320 2032 458 2134 scripto
473 2031 735 2139 recipientibus
752 2056 823 2134 pro
841 2029 940 2105 dicto
955 2029 1155 2107 Communi

56 2155 214 2230 Tabulas
231 2172 363 2256 septem
385 2160 557 2232 33333333
581 2160 694 2230 variis
715 2157 841 2256 11333313
866 2161 1028 2256 scriptas,
1055 2157 1154 2228 Lau·-
1268 2197 1278 2230 ι

49 2283 104 2352 nis
121 2279 285 2354 videlicet
302 2297 340 2352 et
356 2283 546 2381 Aegyptiis
572 2279 618 2354 ad
644 2276 868 2368 habendum,
897 2275 1098 2352 tenendum
1117 2295 1155 2351 et
1277 2267 1278 2296 ³

49 2401 316 2504 possidendum
339 2420 409 2479 ete.
438 2419 475 2478 et
501 2395 603 2504 quod
630 2399 731 2477 dicto
753 2399 953 2476 Communi
979 2398 1153 2504 deinceps
1276 2483 1277 2486 Ἴ

50 2526 231 2628 placuerit
250 2524 459 2602 faciendum
480 2542 549 2602 333.
595 2526 645 2599 Ε3
670 2524 744 2600 hoc
770 2523 857 2600 fecit
883 2521 1001 2598 dictus
1019 2522 1154 2600 Paulus

50 2652 261 2728 nominibus
285 2663 328 2724 ut
354 2675 476 2752 supra,
507 2652 592 2752 quia
618 2648 774 2753 praefati
800 2647 983 2751 magnifici
1000 2648 1089 2723 DD.
1118 2666 1156 2724 et

49 2774 233 2852 Antonius
252 2772 421 2852 Guidutii
439 2772 608 2849 Sindicus
630 2789 666 2848 33
682 2773 907 2850 Procurator
932 2771 1020 2848 dieti
1040 2772 1153 2848 Com·

51 2903 171 2976 munis
183 2900 404 2976 ,substitutus
421 2926 441 2975 a
456 2899 651 2976 Francisco
667 2897 826 2991 Nicolai,
847 2925 918 3000 pro
935 2913 977 2971 ut
994 2895 1040 2972 de
1058 2894 1155 2972 dicta

51 3026 310 3100 substitutione
336 3039 406 3100 333.
436 3021 569 3100 dicitur
595 3049 771 3129 apparere
796 3048 906 3096 manu
934 3019 1004 3097 Ser
1027 3021 1157 3098 Iacobi

50 3147 227 3224 Matthaei
243 3146 453 3232 deUrbino
474 3149 564 3224 olim
581 3147 813 3239 Cancellarii,
835 3149 937 3222 cuius
957 3171 1151 3237 consensu,

50 3271 198 3355 licentia
220 3288 260 3350 33
282 3271 472 3349 voluntate
497 3273 746 3378 praefatorum
762 3269 1044 3374 Magnificorum
1062 3269 1150 3345 DD.
1206 3293 1208 3296 ·

51 3393 230 3489 vendidit,
254 3395 417 3493 tradidit,
441 3401 549 3474 cessit
569 3413 605 3472 et
624 3398 817 3488 concessit,
841 3397 1076 3499 consignavit,
1099 3417 1154 3464 33·

53 3505 218 3622 signarit,
248 3522 422 3598 stabilivit
447 3538 485 3596 et
509 3520 668 3596 firmavit
692 3520 793 3597 dicto
819 3519 937 3596 Ρ3313
964 3517 1156 3619 accipienti
1215 3557 1218 3564 =

52 3669 123 3745 pro
142 3643 238 3719 3333
256 3649 336 3721 3133
356 3662 392 3720 33
417 3627 824 3720 3333133Ῥ3333331333
843 3642 1028 3718 Gaulum
1048 3643 1156 3714 Mon-
1245 3661 1248 3669 ’

54 3771 140 3840 triam
164 3785 201 3842 33
222 3796 435 3868 pascuorum
460 3775 653 3844 communis
677 3771 791 3844 dictae
811 3769 974 3842 Civitatis
993 3768 1155 3866 Eugubi-

53 3917 121 3962 nae
153 3895 380 3967 3333333133.
427 3891 548 3968 Vendi
581 3897 690 3981 etiam
721 3895 797 3967 3133
817 3889 987 3991 sruoms,
1028 3893 1159 3968 reddas
1268 3993 1269 4006 ἵ

122 4160 274 4232 Ἀ
