2558 4314
660 46 738 133 101

151 218 273 339 ctiam,
304 267 397 347 quae
418 239 506 316 inde
522 236 570 314 de
587 253 790 314 ceterarum
806 237 933 314 Italiae
950 236 1170 341 linguarum,
1201 241 1256 311 in-

151 373 280 475 primis
305 367 471 460 Latinae,
501 367 654 467 origine,
684 366 916 465 cognatione,
944 366 1112 441 universa
1129 379 1264 439 natura

154 519 281 570 eruere
305 489 505 596 potuerim.
553 485 667 584 Quod
692 513 782 564 vero
808 489 848 560 in
872 485 946 562 hoc
971 491 1093 591 primo
1120 488 1260 592 capite,

155 617 201 693 de
226 618 429 693 litteratim
454 615 687 718 potissimum
712 614 937 715 conscripto,
967 616 1152 716 copiosius
1183 609 1266 684 aliis

155 759 264 846 atque
284 741 344 818 vel
365 742 470 815 anxie
492 736 678 812 interdum
704 739 818 839 egisse
844 733 982 829 ridear,
1011 734 1049 811 id
1076 738 1170 812 mihi
1199 763 1264 812 eos

154 893 234 943 non
244 866 336 941 vitio
350 861 500 958 datiuos
513 865 661 967 opinor,
681 865 745 964 qui
758 862 945 964 cognitum
956 860 1108 956 habent,
1124 879 1263 966 quanta

156 993 327 1064 cautione
345 1005 456 1091 atque
477 986 799 1063 demonstrationis
817 985 895 1061 fere
915 985 1146 1062 absolutione
1167 1012 1261 1090 opus

158 1116 204 1187 sit
230 1115 278 1186 in'
296 1109 532 1216 expediendis
557 1111 614 1187 his
639 1113 763 1212 rebus,
795 1137 889 1215 quae
917 1137 993 1215 quo
1020 1109 1155 1188 diutius
1181 1111 1260 1186 fue-

156 1252 244 1310 runt
275 1241 377 1340 quasi
412 1235 565 1312 deliciae
594 1235 787 1312 hominum
820 1232 1034 1330 doctorum,
1071 1264 1116 1312 eo
1148 1240 1260 1340 magis

159 1358 322 1438 redditae
349 1378 434 1438 sunt
459 1362 650 1465 ambiguae
678 1375 714 1435 et
740 1358 909 1436 difficiles
937 1376 1105 1437 tractatu.
1157 1417 1162 1429 .

325 1611 525 1687 Historia
550 1611 814 1687 tabularum.

158 1735 282 1839 Capl.
326 1734 392 1808 De
416 1733 677 1810 litteratura
702 1736 970 1811 Umbrorum
995 1738 1220 1813 universa.

161 1853 166 1860 ’
365 1867 395 1930 1.
421 1857 591 1933 Latinam
608 1864 837 1968 scripturam,
861 1876 902 1935 ut
920 1858 1018 1964 apud
1039 1887 1166 1936 omnes
1184 1862 1261 1936 lere

421 1982 550 2058 Italiae
566 1981 742 2088 populds‚
771 1988 821 2059 ita
841 1982 939 2088 apud
958 1985 1121 2061 Umbros
1141 1990 1261 2062 iunio-

424 2133 503 2182 rem
530 2133 626 2201 esse,
663 2135 773 2211 quam
806 2108 957 2185 alteram
982 2107 1173 2186 Etruscam
1198 2139 1262 2216 ap-

323 2274 327 2289 ·
423 2230 610 2334 pellatam.
668 2289 694 2298 ..

365 2363 403 2428 2.
424 2353 531 2456 Quae
557 2342 720 2432 Etrusca
736 2356 965 2433 Umbrorum
992 2356 1133 2435 dicatur
1165 2359 1261 2436 litte·

425 2496 559 2575 ratura,
589 2507 670 2556 eam
694 2481 909 2557 Umbricam
935 2509 1033 2566 esse.

363 2611 397 2676 3.
423 2605 637 2681 Umbricam
659 2605 755 2682 hanc
774 2607 1014 2684 litteraturam
1035 2605 1088 2684 adl
1101 2627 1264 2687 veterem

424 2727 1009 2834 Umbrorum'pronuntiationem
1026 2759 1142 2837 aeque
1155 2736 1265 2809 fuisse

425 2867 548 2957 aptam
574 2868 685 2955 atque
706 2854 912 2933 Romanam
934 2855 980 2931 ad
1005 2864 1261 2960 posteriorem.

280 3009 282 3014 ·
365 2981 399 3049 l.
426 2974 514 3069 Quo
545 2991 716 3081 tempore
746 3003 880 3056 noram
910 2980 1150 3056 litteraturam
1181 3011 1265 3058 cum

426 3103 576 3204 antiqua
601 3119 843 3180 commutasse
866 3104 1059 3182 rideantur
1083 3105 1230 3183 Umbri.

153 3309 156 3318 ,
273 3222 275 3226 ’
331 3224 396 3300 De
421 3231 793 3331 pronuntiatione
818 3229 1086 3322 litterarum
1108 3236 1263 3337 singu-

347 3403 350 3410 »
390 3349 537 3424 larum.
637 3387 642 3396 ·
702 3353 707 3360 ’
741 3353 744 3362 ’

333 3469 432 3566 Quo
458 3479 659 3580 tempore
683 3477 863 3554 tabulae
889 3477 1132 3586 inscriptae
1158 3485 1260 3559 sint.

331 3595 396 3671 De
422 3595 727 3702 dispositione
751 3605 1015 3680 tabularum.

165 3713 305 3818 Gapll.
329 3719 396 3797 Da
425 3722 663 3802 elementis
688 3727 868 3832 linguae
892 3727 1140 3807 Umbricae.

363 3847 392 3922 Ι.
426 3847 491 3925 Dc
517 3848 683 3955 litteris
709 3854 956 3931 vocalibus.
1088 3836 1094 3844 ⁸

497 3984 526 4050 1.
552 3975 611 4054 De
638 3982 838 4080 mutatione
863 3979 1059 4057 vocalium.
