2558 4314
597 21 654 106 30
698 110 701 120 ,

72 225 130 274 res
155 201 358 278 litteramm
385 204 546 284 Cadmus
570 237 615 285 ex
640 211 830 295 Phoenice
855 226 895 298 in
922 215 1110 324 Graeciam
1133 251 1171 311 et

71 324 241 402 Evander
269 329 323 402 ad
344 355 408 404 nos
437 334 750 414 transaderunt.”
780 385 820 404 -
862 346 967 424 Nihil
992 356 1101 456 igitur
1125 357 1170 434 de

69 451 245 554 peculiari
262 452 504 531 Etruscorum
527 457 723 564 adeptione
750 445 970 549 litteraturae
987 493 1171 557 memora-

68 591 141 668 tur,
175 578 245 650 nisi
270 580 310 652 in
335 579 404 655 illo
430 581 549 658 Taciti
574 585 674 681 locO,
710 595 775 694 qui
798 593 969 672 Etrtrscis
982 601 1057 676 alio
1085 612 1172 708 qui.
1262 593 1263 598 ’

68 699 165 794 dem,
194 699 259 776 sed
284 705 403 780 multo
427 713 633 809 posteriorc
658 728 829 821 tempore
851 719 1086 801 litteraturam
1112 731 1170 805 al·-
1262 763 1263 830 1

67 824 177 901 latam
202 827 328 922 refert,
357 856 468 933 quam
494 831 573 908 aliis
597 830 725 914 Italiae
749 845 936 952 populis(

165 952 240 1062 III.x
257 953 397 1030 Atvero
419 971 560 1031 exstant
577 977 677 1035 certe
698 963 941 1066 Umbrorum,
968 972 1158 1069 Oscorum,
1262 1011 1263 1066 t

48 1091 176 1179 atque
194 1075 255 1154 vel
272 1079 512 1154 Etruscorum
538 1105 775 1164 monumenta
794 1091 928 1172 Latine
954 1104 1099 1204 scripta,
1125 1105 1164 1176 in

65 1202 218 1302 quibus,
249 1227 338 1303 quas
362 1203 518 1280 Etrusco
548 1212 682 1311 scripta
707 1239 785 1286 non
811 1216 987 1297 exhibent
1012 1225 1165 1320 litteras,

62 1324 161 1399 haud
197 1349 281 1399 raro
319 1328 573 1406 inveniuntur:
620 1355 743 1436 neque
781 1364 1006 1441 quemquam
1039 1349 1168 1450 fugere
1263 1424 1264 1459 ,

61 1463 198 1552 potest,
217 1475 386 1524 noneste
399 1456 599 1557 scripturae
611 1483 876 1560 supervacanea
889 1477 1032 1538 tantum
1045 1475 1162 1569 signa,

61 1573 124 1647 sed
144 1577 252 1648 etiam
271 1577 310 1662 in
328 1582 630 1680 pronuntiatione
649 1599 837 1685 usurpatas
862 1583 1013 1680 litteras,
1044 1617 1169 1692 quumx
1262 1589 1263 1676 i

60 1701 167 1773 certis
184 1698 326 1802 legibus
344 1718 548 1778 teneantur.
564 1749 617 1806 ¹-
645 1707 775 1810 Itaque
796 1714 1047 1812 pronuntiatio
1069 1713 1161 1789 olim
1249 1806 1254 1818 Ι

59 1822 130 1898 fuit
159 1823 230 1899 alia
261 1842 373 1930 atque
405 1845 547 1932 postea.
601 1831 651 1906 Et
685 1830 773 1934 quid
805 1831 955 1908 tandem
989 1836 1155 1939 impedit,

43 1954 257 2060 quominus
270 1951 472 2042 credamus,
492 1951 719 2032 Umbrorum
737 1956 936 2060 aliquando
949 1947 1028 2034 non
1045 1965 1161 2066 scrip.

58 2090 178 2150 turam
198 2093 354 2174 tantum,
380 2078 575 2156 sedetiam
593 2080 754 2184 linguam
773 2108 851 2157 non
871 2111 905 2177 o,
930 2110 1008 2158 non
1023 2110 1061 2184 g,
1083 2113 1162 2161 non
1237 2161 1238 2173 ,

58 2199 146 2276 alias
164 2200 348 2280 admisisse
366 2204 530 2302 litteras?
555 2205 617 2280 An
635 2208 716 2314 talis
734 2212 982 2283 conversionis
998 2209 1157 2312 linguae,

36 2375 39 2382 -
59 2352 132 2427 qua
155 2317 345 2402 subtiliora
365 2334 675 2432 pronuntiationis
700 2328 907 2404 discrimina
932 2331 991 2408 vel
1015 2333 1161 2410 abiece-

56 2453 116 2542 rit,
139 2451 200 2525 vel
218 2456 412 2552 receperit,
442 2449 575 2524 desunt
595 2455 716 2524 omnia
739 2450 1069 2530 Grammaticorum
1085 2475 1159 2535 tes·
1264 2537 1265 2564 ἶ

55 2575 221 2663 timonis,
255 2571 316 2647 vel
347 2570 499 2645 aliarum
524 2571 730 2674 linguarum
756 2576 936 2680 exempla,
970 2578 1031 2656 vel
1056 2584 1158 2686 ipso.

53 2719 136 2767 rum
168 2691 328 2794 denique
357 2695 682 2770 monumentommr
714 2695 874 2775 indicia?
910 2701 1078 2806 Agedum
1102 2712 1156 2782 vi-
1264 2765 1265 2834 t

54 2816 202 2892 deamus
227 2815 297 2890 hac
323 2815 368 2890 de
394 2841 448 2891 re.

158 2944 195 3039 1)
224 2937 347 3036 Qu'em
365 2969 475 3046 supra
500 2945 572 3018 iam
596 2943 812 3034 adduximus
831 2947 1006 3026 Prisciani
1031 2952 1157 3030 locum

53 3062 100 3139 de
125 3091 148 3136 o
172 3063 295 3140 littera
320 3067 483 3142 Etruscis
508 3073 690 3168 inusitata,
719 3075 901 3176 integrum
926 3078 999 3151 iam
1025 3079 1155 3154 affera-
1264 3115 1265 3146 t

51 3215 151 3286 mus:
183 3191 255 3279 „0
273 3190 416 3294 aliquot
434 3193 561 3268 Italiae
580 3198 755 3288 civitates,
778 3201 840 3291 ait,
868 3215 961 3275 teste
980 3200 1149 3304 Plinio,

51 3337 129 3386 non
147 3311 345 3406 habebant,
372 3313 436 3390 sed
455 3317 543 3393 loco
564 3321 641 3393 eius
661 3322 853 3423 ponebant
864 3329 916 3418 V,
944 3342 985 3402 et·
998 3332 1154 3401 nzaxcme

47 3439 183 3512 Umbri
197 3451 235 3510 et
252 3435 439 3532 Thusei.”
477 3443 582 3516 Inter
599 3445 688 3518 alios
712 3449 819 3544 igt'tw
837 3449 988 3550 populos
1011 3433 1152 3523 disertis

49 3564 171 3638 verbis
195 3533 256 3635 hic
280 3566 435 3637 maxime
459 3580 635 3642 notantur
653 3571 780 3645 Uuabri
803 3589 840 3646 et
858 3559 1008 3665 Thusci,
1038 3575 1153 3674 quiO

50 3683 209 3758 litteram
229 3711 307 3760 non
325 3682 549 3763 admiserint.
593 3689 699 3785 Quae
722 3694 872 3797 quidem
891 3695 1001 3770 Plinii
1025 3699 1151 3774 obser·

48 3809 160 3898 vatio,
193 3834 311 3913 quum
322 3807 379 3884 ¹ad
405 3835 485 3885 eam
509 3809 739 3890 Umbrorum
764 3816 973 3913 dialectum,
1004 3823 1152 3926 qualem
1216 3878 1219 3896 .

48 3933 88 4003 in
107 3928 238 4004 Latine
264 3923 408 4038 scriptis
432 3933 566 4012 tabulis
590 3943 806 4041 reperimus,
836 3966 914 4016 non
940 3942 1146 4040 conveniat,
