2558 4314
581 4 641 89 90
678 86 687 102 ,

59 197 250 268 inventore
281 192 416 296 Spurio
448 193 628 288 Carvilio,
672 203 711 272 in
747 201 879 302 quibus
913 201 1159 304 Schneiderus

58 319 198 410 nititur,
227 321 333 392 nimis
357 320 527 421 ambigua
546 336 643 413 sunt,
674 349 784 424 quam
807 341 850 399 ut
875 332 960 402 satis
982 347 1085 408 certo
1105 336 1161 409 afa

56 439 201 516 firmare
230 444 432 546 possimus,
467 448 551 546 quis
580 444 645 521 ille
676 447 787 524 fuerit
817 449 1009 546 Carvilius,
1048 485 1160 559 quem

58 565 147 640 Ter.
168 564 326 642 Scaurus
351 569 555 670 (p.2253.)
581 569 649 674 Sp.
672 571 880 649 carmuum
905 578 1083 679 appellat,
1120 600 1160 658 et
1235 625 1238 633 ·

58 717 133 793 quo
152 705 321 794 tempore
342 697 485 768 uixerit.
521 692 634 787 Quod
656 724 745 772 vero
765 703 804 773 in
823 700 1002 776 Columna
1018 703 1152 799 Duilii,

56 820 122 918 qui
147 843 181 891 a.
198 815 249 892 U.
266 821 339 890 493
362 819 552 892 victoriam
577 819 798 898 celebratam
818 831 1030 929 reportavit,
1054 829 1148 926 glit-

54 957 132 1016 tera
163 969 241 1017 non
272 943 471 1044 reperitur,
511 945 663 1016 omnino
695 974 772 1023 non
805 965 877 1040 est,
919 952 1023 1054 quod
1048 953 1149 1030 valde
1258 1002 1261 1014 ·

54 1071 241 1142 miremur.
269 1066 360 1138 Eam
383 1068 494 1158 enim,
517 1069 618 1138 cuius
638 1065 1017 1169 fragmentumrnobis¹
1032 1095 1153 1170 restat,

55 1191 263 1266 columnam
284 1192 440 1292 primam
462 1216 539 1264 non
560 1189 682 1282 firisse,
711 1190 774 1266 sed
797 1195 945 1272 Claudii
964 1203 1044 1278 fere
1064 1221 1156 1278 temu
1238 1204 1258 1220 ''

52 1317 207 1418 poribus
223 1317 265 1394 in
283 1313 407 1387 locum
425 1317 600 1416 pristinae
611 1319 825 1406 restitutam,
843 1317 1065 1400 Ciacconius
1077 1325 1158 1428 (2⁴⁹)

53 1467 129 1514 non
163 1444 241 1512 sine
274 1440 353 1512 iure
386 1436 610 1514 contendere
641 1436 797 1514 videtur.
852 1437 966 1532 Quod
1002 1449 1157 1546 quidem

52 1564 295 1665 fragmentum
326 1577 384 1637 tot
416 1562 485 1636 alia
516 1562 645 1654 habet,
662 1571 665 1585 '
683 1588 777 1665 quae
805 1562 988 1657 offendas,
1025 1577 1154 1646 utrix
1264 1581 1268 1588 '

51 1690 120 1764 tibi
143 1684 375 1790 persuadeas,
409 1671 603 1790 siquidem,
634 1691 698 1790 qui
723 1686 902 1780 referunt,
928 1705 1027 1764 recte
1051 1690 1179 1792 lege:
1249 1785 1251 1792 Ι

50 1829 149 1906 runt,
178 1811 274 1886 hanc
299 1812 449 1886 alteram
475 1811 684 1885 columnam
709 1816 848 1914 primae
874 1813 983 1888 fuisse
1006 1841 1149 1888 accura-

49 1952 130 2011 tum
162 1935 386 2040 exemplum.
432 1936 635 2038 Eugubinis
665 1939 706 2009 in
737 1937 879 2011 tabulis
901 1925 1155 2041 compluribus
1267 1911 1268 1926 χ

50 2067 90 2138 in
113 2063 266 2139 vocibus
285 2089 305 2134 c
326 2077 362 2136 et
379 2086 408 2158 g
423 2060 566 2136 litterae
587 2061 769 2136 alternant
782 2060 875 2162 (2⁵⁰),
898 2060 999 2165 quod
1020 2067 1050 2136 si
1071 2066 1156 2166 quis
1222 2089 1235 2158 j

50 2185 227 2262 iudicium
260 2173 376 2261 credit
407 2211 494 2259 usus
526 2188 646 2259 minus
677 2183 797 2261 adhue
828 2190 1040 2280 constantis,
1075 2214 1154 2261 non

50 2313 169 2428 mplto
201 2327 287 2414 post
310 2310 459 2384 Barbati
490 2305 647 2384 mortem
676 2309 851 2412 ponenda
875 2309 1021 2388 videtur
1041 2313 1150 2385 tabu-

49 2436 168 2509 larum
201 2437 365 2536 scripti0.
412 2433 675 2536 Diphthongus
712 2439 767 2526 oi,
814 2460 924 2536 quam
963 2453 1152 2512 servarunt
1222 2531 1224 2538 y

50 2558 266 2660 Scipionum
292 2573 529 2631 monumenta
554 2559 815 2658 antiquissima,
845 2564 884 2632 in
910 2560 1080 2662 sepulcro
1099 2562 1147 2636 L.

50 2681 217 2758 Cornelii
238 2679 309 2755 Cn.
326 2680 354 2754 l.
372 2679 444 2754 Cn.
459 2707 498 2754 n'.
515 2679 699 2784 Scipionis
721 2683 836 2758 semel
857 2689 929 2758 iam
949 2689 987 2758 in
1006 2715 1050 2759 ae
1069 2713 1146 2759 mu-

48 2823 123 2884 tata
155 2802 442 2908 deprehenditur
470 2809 510 2879 in
534 2831 626 2881 voce
657 2823 787 2900 aetate,
821 2807 909 2884 licet
939 2808 1067 2885 eadem
1091 2812 1146 2882 in-

49 3017 118 3078 loco
137 3037 246 3078 nomen
262 3014 381 3078 Carvilii
395 3014 494 3096 Spurii
512 3015 551 3076 ita
567 3015 680 3075 ¹nudum
699 3028 833 3097 ponatur,
855 3028 884 3077 et
896 3017 995 3098 paullo
1008 3018 1086 3080 inira
1099 3021 1153 3080 de·
1265 3011 1266 3032 l

48 3142 128 3178 mum
148 3120 261 3198 (pots.
275 3117 328 3197 E.)
346 3119 517 3195 accuratius,
537 3114 587 3198 qui
606 3118 658 3194 sit,
679 3117 871 3179 describatur:
896 3109 956 3192 ὅψὲ
969 3110 1091 3206 ἤρξαντο
1107 3147 1152 3194 μι-

49 3217 131 3278 σθοῦ
151 3209 294 3276 διδάσκειν
317 3210 366 3277 καὶ
390 3223 497 3300 πρῶτος
523 3212 630 3302 ἀνέῳξε
657 3215 1005 3304 γραιὶματοδιδασκαλεῒον
1029 3216 1152 3308 incipere

48 3312 207 3405 Καρβίλιος
218 3310 413 3404 ἀπελεύθερος
423 3314 581 3405 Kapllalo'ov
592 3324 644 3380 τοῦ
653 3311 762 3406 πρώτου
776 3322 814 3399 (a.
821 3323 888 3402 p.U.
898 3321 1014 3401 c523.)
1025 3319 1149 3403 γαμετὴν

48 3410 233 3490 ἐκβαλόντος,
254 3437 289 3480 ex
308 3418 366 3482 hcc
384 3419 455 3483 loco
474 3423 505 3483 in
523 3421 648 3484 alterum
664 3421 813 3504 irrepsisse
825 3421 899 3482 mihi
911 3423 1028 3486 ridetur
1039 3443 1148 3484 nomeu
1264 3417 1265 3474 l

48 3521 150 3603 Spurii
163 3521 297 3596 Carvilii}
316 3521 354 3584 de
367 3519 504 3586 Carrutio
516 3536 624 3603 autem,
641 3525 666 3588 ri
682 3524 741 3588 lroc
755 3545 857 3588 verum
869 3525 927 3589 fuit
938 3548 1056 3604 nomeu,
1074 3525 1149 3588 nihil

48 3641 164 3683 termus.

99 3723 179 3801 (249)
204 3731 242 3780 In
264 3733 419 3784 Columnae
440 3729 539 3784 Rostr.
561 3733 657 3789 Inscr.
678 3728 711 3789 in
737 3733 838 3792 Graes.
864 3732 963 3804 Antt'ty.
982 3735 1021 3791 R.
1044 3730 1148 3794 RIV.

48 3834 171 3902 pttstt·
1141 3849 1144 3852 ’

99 3920 179 3998 (250)
209 3922 343 3982 Grabooic
357 3937 386 3986 et
401 3931 542 3994 Grobovio
560 3949 680 3999 consens
694 3942 724 3990 et
736 3955 860 3998 comos,
876 3939 1014 4002 ooela'et
1025 3947 1122 3997 anolo.

128 4195 319 4266 Α
