2558 4314
598 21 719 111 17.

173 221 332 321 Vestigia
348 213 485 320 premit
496 213 711 312 Bourguetii
730 211 792 284 llr.
807 208 973 285 Gorius
992 213 1030 283 in
1048 208 1179 284 Museo

76 349 228 428 Etrusco
243 343 325 441 (³⁷),
348 337 451 444 quod
471 341 593 440 ipsum
610 336 755 430 initium
774 338 871 437 capit
890 360 910 408 a
932 332 1086 409 Tabulis
1102 334 1178 408 Eu-

79 473 229 574 guhinis.
273 465 425 573 Repetit
443 460 546 535 illam
567 455 786 550 „Carminis
809 455 1085 559 lamentabilis
1105 457 1178 532 his·

80 594 245 671 toriolam
264 593 310 664 ab
330 591 449 668 amico
468 581 664 686 prolatam,
693 582 830 682 repetit
848 580 929 654 illas
954 586 1180 686 captationes

26 723 27 834 l
80 721 273 821 verborum
299 710 472 787 similium
500 704 694 798 eGraeca,
720 707 904 806 variisque
931 701 1179 782 Orientalibus

77 843 205 945 linguis
225 811 489 913 conflatorum·
508 857 635 908 unum
642 844 784 904 tantum
803 826 850 904 de
870 831 943 903 suis
963 827 1077 921 addit,
1098 855 1178 908 ver-

76 970 173 1042 sibus
205 941 438 1035 hexametris
454 954 545 1036 hacc
574 952 733 1028 lamenta
758 955 964 1076 perscripta
994 977 1072 1027 esse
1095 952 1177 1053 (³⁸).

73 1092 217 1168 Verum
237 1073 404 1156 emendat
422 1082 462 1154 in
478 1081 604 1182 paucis
626 1065 864 1181 alphabetum
882 1077 1099 1179 Bourguetii
1113 1076 1179 1176 (³⁹)

75 1230 114 1287 et
138 1203 328 1312 praetcrea
353 1248 394 1264 -
419 1201 456 1278 id
483 1199 586 1306 quod
612 1202 721 1276 nohis
748 1204 913 1276 omnium
938 1203 1180 1304 gratissimum

75 1336 164 1410 fecit
182 1337 230 1390 -'-⁴
239 1326 399 1406 tabulam
418 1326 517 1432 apud
536 1327 800 1428 Dempsterum
818 1325 1015 1401 secundam
1036 1324 1182 1430 profert

76 1485 159 1554 „ex
186 1454 398 1559 archetypo,
433 1452 558 1529 charta
590 1449 823 1554 epigraphice
852 1454 892 1525 in
915 1474 961 1526 eo
986 1448 1202 1552 diligenter,

69 1588 261 1687 impressa,
291 1577 509 1663 decumam,
544 1600 654 1678 quam
681 1601 765 1648 cum
789 1577 872 1677 ipso
898 1577 1181 1652 communicavit

67 1708 199 1782 Franc.
210 1704 396 1780 Victorius
412 1716 449 1774 et
463 1725 572 1802 quam
588 1701 730 1774 buxeae
747 1703 871 1802 potius
887 1699 1047 1792 tabulae,
1070 1699 1180 1801 quam

68 1853 201 1906 aereae
233 1822 472 1900 incidendum
504 1827 642 1899 curavit
672 1821 885 1925 diligenter,
928 1826 1013 1924 quia
1049 1822 1180 1896 melius

71 1958 125 2024 ita
155 1950 298 2022 litteras
325 1946 530 2050 archetypis
556 1947 755 2022 simillimas
781 1949 1044 2050 repraesentari
1058 1967 1180 2050 ‘posse

26 2071 27 2088 ¹
73 2067 270 2192 censuit’f

178 2193 394 2293 Bourguetii
425 2189 585 2306 denique
616 2196 832 2268 sententiam
856 2197 991 2296 partim
1012 2210 1055 2269 ut
1078 2197 1178 2296 inge·

72 2319 319 2393 niosissimam
335 2319 499 2409 miratur,
520 2320 656 2420 partim
674 2319 757 2391 satis
775 2333 880 2391 acute
898 2321 1086 2461 impugnat
1099 2321 1180 2394 Aa·

68 2444 189 2518 m'bale
207 2439 306 2539 degl’
306 2444 417 2517 Aban·
433 2443 591 2540 Oltvz'erz‘,
621 2427 696 2545 qui,
715 2458 913 2545 postquam
931 2444 972 2516 in
991 2442 1036 2515 T.
1046 2440 1075 2513 l.
1093 2440 1179 2516 Dis·

70 2569 314 2643 sertationum
328 2563 614 2641 Cortonensium
626 2564 706 2667 (⁴⁰),
730 2591 826 2668 quae
841 2566 904 2640 illc
918 2563 965 2648 dc
981 2561 1179 2669 alphabeto

26 2775 27 2786 χ
69 2693 231 2766 Etrusco
250 2691 473 2792 scripsit‚in
496 2690 660 2794 linguam
682 2689 848 2766 Italicam
873 2715 1047 2770 conversa
1072 2715 1178 2792 repc-

26 2809 28 2834 '
69 2821 144 2909 tiit,
174 2807 214 2888 in
235 2813 283 2887 T.
298 2813 349 2887 11.
372 2810 438 2914 (⁴¹)
466 2819 574 2888 etiam
591 2818 734 2919 priores
757 2813 846 2890 duas
864 2794 1079 2917 Bourguctii
1105 2811 1177 2888 dis-

125 3019 189 3098 (37)
215 3024 347 3080 Murcum
366 3023 534 3086 Etruscum,
551 3027 686 3078 exhibens
700 2995 828 3091 ahsa'griia
842 3025 977 3079 Veterum
989 2999 1179 3078 Etruscorum

72 3137 263 3196 monumenta
275 3128 366 3193 aereas
379 3128 486 3181 tabulis
500 3137 549 3200 cc,
567 3144 645 3180 nunc
653 3128 781 3197 primum
793 3129 871 3180 edita
883 3139 911 3181 et
923 3127 1071 3182 illustrata
1080 3130 1179 3182 obser-

26 3287 27 3290 ,
71 3227 239 3281 varonibus
264 3221 423 3285 Antonii
448 3222 641 3314 Francisci
668 3221 787 3285 Gorii.
811 3222 915 3286 Voti.
934 3222 1018 3287 Flor.
1030 3231 1111 3292 1737.
1138 3223 1176 3287 cl.

71 3323 144 3386 Vol.
154 3323 194 3383 11.
208 3323 306 3402 Ρ..403
319 3343 399 3405 seqq.

26 3461 28 3512 ι
125 3425 190 3506 (³⁵)
216 3432 319 3506 P·³⁸⁷·

26 3517 27 3570 ³
124 3528 198 3609 (³⁹)
217 3524 267 3587 Cf·
288 3523 386 3604 etim,
405 3548 490 3608 quam
503 3527 682 3610 peculiarem
696 3528 788 3597 edidit
805 3531 842 3593 de
861 3481 963 3594 eadem
980 3549 1015 3594 re
1035 3525 1178 3591 Gorius

26 3629 322 3700 dissertationem:
346 3634 388 3687 D
382 3632 453 3706 sesa
468 3638 540 3689 dell
549 3633 687 3709 Alsabeto
703 3638 838 3696 Etrusco.
861 3636 941 3700 1742.

26 3739 45 3806 ,¹
125 3731 189 3812 (4⁰)
215 3738 310 3806 Saggi
325 3739 358 3792 di
373 3737 587 3794 Dzksertazaom'
600 3739 805 3818 Accademiche
823 3748 881 3800 etc.
892 3743 932 3806 di
950 3720 1084 3794 Cortona.
1109 3733 1178 3796 T.1.

61 3841 105 3893 in
118 3839 225 3896 Roma.
240 3825 321 3900 uta.

125 3935 190 4017 (¹²¹)
216 3941 309 4013 Saegt'
319 3949 380 4001 etc.
390 3939 428 4000 Τ.
435 3939 508 4001 Π.
495 3963 527 3998 ιιι
539 3945 742 4008 Ηοιιια.,1738.
766 3935 877 3998 ΒὶεεᾸ.
896 3931 926 3990 di
937 3927 1084 4014 Annibale
1100 3929 1129 3986 d.
1141 3925 1179 3984 A.

731 4080 777 4153 ε
834 4153 849 4176 ,Ν
922 4041 977 4132 [2]
1092 4126 1095 4130 ,
