2558 4314
92 197 189 254 tera:
226 173 336 248 Este.-
364 169 564 272 persklum:
593 191 697 238 aeas:
722 173 947 240 numerantes:
972 183 1118 263 enema,
1154 169 1192 236 in

93 303 225 376 altera:
261 301 352 372 Esto
373 350 381 368 .
398 293 536 396 perseio
557 347 566 364 .
584 295 682 368 aveas
695 333 712 362 -.
731 285 924 366 manner.
945 305 1064 364 enata.
1117 288 1191 362 Re-

93 421 276 528 spondent
307 416 442 493 deinde
467 414 666 490 Umbrio-ae
696 403 844 488 tabulae
878 412 1038 489 eiusdem
1068 437 1195 490 versus

93 545 272 624 secundus
298 561 336 620 et
359 545 489 641 tertius
507 541 824 618 vorsuivioesimo
844 537 1004 612 secundo
1023 539 1192 629 Latinae,

93 691 132 748 et
158 650 284 749 versus
310 695 362 742 iv.
396 691 513 768 usque
546 663 592 738 ad
618 689 657 738 x.
685 659 897 737 Umbrioae·
914 658 1027 734 finem
1055 665 1197 738 faciant

93 802 130 872 in
155 799 299 900 postica
324 789 660 865 Latinae-tabulae.
699 784 793 861 inde
818 805 845 862 'a
866 806 974 865 versu
992 811 1041 858 xi.
1067 785 1194 861 eadam

91 925 235 1026 postica
249 974 252 982 .
265 916 464 990 Umbricae
497 913 642 988 tabulae
676 907 887 1014 respondet'
914 913 1020 983 initio
1057 914 1196 984 anticas

21 1031 26 1042 ’
93 1046 246 1116 Latinae
271 1067 387 1143 usque
415 1037 469 1124 ad¹
485 1064 630 1142 versum
654 1063 734 1112 nmo
783 1035 913 1138 Itaque
945 1038 1086 1138 postica
1111 1059 1197 1138 pars

92 1168 246 1242 Latinae
272 1164 416 1239 tabulae
434 1159 701 1266 ‘praeponenda
722 1176 789 1234 est.
831 1159 938 1254 Quae
956 1181 1046 1237 vero
1066 1164 1106 1233 in
1124 1159 1198 1232 La-

74 1295 192 1366 'tinae
217 1289 362 1364 tabulae
388 1291 506 1363 antica
529 1303 616 1390 post
627 1297 780 1362 'versum
799 1311 875 1359 xm.
905 1300 1195 1386 consequuntur,

1 1443 2 1450 ¹
92 1421 273 1520 incipiunt
302 1413 500 1488 Umbricae
531 1408 678 1486 tabulae
709 1411 879 1500 anticam.
931 1411 1062 1512 Itaque
1094 1423 1197 1512 post·

90 1538 266 1646 ponenda
294 1556 348 1613 est
372 1538 464 1610 haee
490 1535 620 1608 antioa.
670 1532 845 1608 Eiusdem
870 1531 1030 1636 denique
1057 1538 1198 1608 anticas

89 1664 245 1740 dimidia
271 1655 355 1762 pars
389 1661 474 1757 (vas.
489 1683 592 1733 xxiv.
615 1675 656 1734 et
672 1661 799 1762 seqq.)
830 1656 1033 1761 respondet
1057 1664 1199 1734 anticas

90 1787 241 1864 tabulae
266 1783 460 1883 septimae,
496 1781 595 1859 unde
619 1800 787 1885 apertum
811 1781 874 1876 fn,
911 1799 1031 1862 sextae
1051 1784 1199 1858 tabulae

92 1911 216 1981 statim
247 1908 454 1978 continuari
484 1910 689 2010 septimam.
743 1907 849 1980 Hanc
872 1906 1087 2010 Bourguetii
1119 1911 1197 1982 ani-

91 2028 386 2106 maduersionem
403 2033 442 2103 in
459 2055 565 2103 suum
584 2057 691 2104 usum
710 2035 820 2104 etiam
834 2029 1023 2106 ·Passe1·ius
1045 2049 1081 2108 et
1098 2032 1196 2106 Lan·

95 2159 170 2232 zius
188 2169 474 2230 convertemus..
499 2153 726 2257 Ceteroquin
744 2153 926 2229 Passerius
947 2171 1026 2229 tum
1047 2139 1086 2230 in
1106 2159 1197 2261 Epi-

94 2280 199 2354 stolis
223 2278 541 2368 Roncaliensibus,
568 2295 650 2354 tum
672 2282 714 2354 in
731 2277 1019 2382 Paralipomenis
1039 2285 1196 2383 praemi·

93 2408 140 2478 sit
164 2403 312 2478 Latinas
332 2403 488 2496 tabulas,
516 2421 682 2480 secutum
702 2427 742 2478 se
761 2401 891 2478 dicens
906 2402 988 2505 (²⁵⁹)
1008 2405 1199 2479 Iustiniani

93 2527 248 2628 Augusti
279 2528 492 2622 consilium,
528 2557 547 2602 a
572 2529 799 2603 facilion'bus
826 2555 902 2604 esse
933 2528 1205 2605 inchoandum..

93 2651 233 2741 Nobis,
270 2653 408 2751 quippe
442 2657 505 2753 qui
536 2652 634 2727 haud
667 2671 857 2758 putamus,
892 2681 1004 2728 unam
1034 2656 1198 2734 tabulam

95 2775 208 2850 altera
233 2772 374 2846 facilius
399 2799 507 2876 posse
535 2778 720 2878 explicari,
749 2805 871 2881 noque
897 2779 1088 2854 meliorem
1109 2808 1197 2856 con·

98 2903 279 3000 speximus
306 2914 476 2988 eventum
502 2902 540 2971 in
565 2898 704 2973 Latinis
734 2927 843 3002 quam
868 2905 907 2976 in
933 2902 1118 2979 Umbrieis
1143 2920 1197 2978 ta·

1 3093 2 3096 ,
99 3019 194 3094 bulis
220 3049 238 3096 a
264 3021 430 3098 Passerio
456 3026 616 3115 tentatis,
647 3023 752 3100 aliter
775 3027 892 3101 visum
918 3043 984 3120 est,
1013 3033 1198 3134 satiusque

95 3147 222 3224 fecisse
253 3173 322 3222 uos
356 3145 556 3240 eredimus,
578 3149 624 3236 ¹si
654 3146 700 3225 ad
731 3153 907 3254 temporis
936 3155 1118 3232 rationem
1142 3171 1195 3237 ta·

2 3291 3 3330 t
95 3267 200 3343 bulas
227 3265 422 3370 disponere
442 3274 654 3374 ‚contigepit

196 3389 275 3464 Iam
300 3417 388 3467 vero
416 3412 514 3470 extra
542 3394 695 3471 dubium
725 3380 888 3500 positum
916 3396 1073 3493 videtur,
1108 3404 1196 3476 Um-

99 3518 184 3588 briee
209 3520 354 3616 scriptas
385 3519 528 3594 tabulas
561 3525 786 3626 antiquiores
819 3545 896 3598 esse
920 3522 1080 3622 Latinis,
1115 3525 1197 3602 illas

99 3690 297 3704 ’.ι-.-

2 3801 3 3840 *
107 3819 109 3824 ·
143 3788 467 3880 (²⁵⁹)Pm1.p.eit.
551 3817 554 3828 ¹
