2558 4314
638 11 693 97 93

111 240 187 312 tur,
220 232 257 291 et
282 212 389 303 aliae,
422 222 465 287 ut
490 203 593 279 mete
617 225 688 304 pro
714 197 895 300 me'(²³⁸),
929 194 1121 296 Delteherir
1146 217 1216 296 pro

121 345 263 422 Tiberis·
278 333 359 438 (555)
385 330 450 406 diu
480 329 723 405 evanuissent.
776 319 876 396 Num
907 319 980 394 huc
1012 321 1121 392 etiam
1148 342 1216 390 no-

115 493 202 544 men
226 462 368 541 Ahalae
393 450 491 532 trahi
514 452 649 556 possit,
689 444 838 537 dubito,
875 471 989 546 quum
1014 443 1218 517 contractio

116 593 179 666 illa
195 587 293 690 (²⁵⁵),
324 581 372 658 de
399 605 471 683 qua
498 575 631 652 Cicero
657 584 856 660 memorat,
887 585 1016 669 qttarto
1043 571 1117 640 iam
1141 589 1218 638 sae·

118 715 201 792 aulo
233 717 384 786 ineunte
415 704 510 778 faeta
544 723 621 774 esse
652 723 729 770 non
753 694 938 798 potuerit..
986 689 1106 783 Quam
1130 713 1220 768 vero

116 841 243 917 Livius
255 833 336 936 (²⁵⁶)
354 858 385 905 a.
398 828 446 904 U.
461 829 532 899 459
552 824 741 900 Aharnam
760 817 936 922 appellat,
961 813 1114 888 eandem
1126 840 1218 906 esse,

119 982 231 1066 atque
265 983 375 1061 quam
398 952 575 1062 Umbriae
599 945 739 1022 Plinius
772 945 907 1045 aliique
932 941 1071 1016 Amam
1102 941 1221 1012 nomi-

120 1101 224 1177 nant,
251 1086 316 1159 vix'
337 1093 460 1183 potest
479 1073 632 1149 dubium
653 1096 730 1146 esse
748 1067 842 1168 (²⁵⁷).
886 1064 1011 1159 Quare
1031 1061 1138 1136 facile
1158 1059 1220 1136 ad·

121 1210 253 1301 ducor,
281 1221 324 1280 ut
343 1229 453 1306 quem
469 1198 616 1276 tabulae
636 1206 841 1268 memorant
862 1191 1076 1268 Nalmmum
1101 1213 1221 1290 popu·

120 1337 219 1428 lum,
240 1333 367 1410 Naris
396 1327 556 1424 fluminis
582 1319 751 1396 Umbrici
782 1313 923 1388 accolas
948 1329 1090 1417 putem.
1145 1308 1221 1385 SC.

122 1460 169 1536 de
193 1454 482 1536 Bacchanalibus
514 1453 588 1524 iam
615 1443 781 1520 exhibet:
815 1439 954 1512 ahenam
978 1463 1049 1540 pro
1074 1462 1222 1526 aeneus,

120 1590 245 1688 itaque
266 1608 350 1658 uon
375 1579 531 1653 nimisa
555 1597 643 1648 vero
670 1568 837 1646 aberrare
860 1558 1040 1654 uidemur,
1075 1564 1106 1636 si
1129 1559 1225 1634 hanc

117 1709 396 1786 distractionem
415 1695 611 1786 vocalium,
641 1719 752 1797 quam
773 1693 812 1764 in
831 1688 970 1763 Latinis
992 1687 1152 1788 Eugubii
1170 1701 1226 1760 ta·

4 1861 5 1868 ¹
118 1832 220 1904 bulis
245 1823 577 1928 frequentissimam
600 1808 816 1922 reperimus,
847 1809 1016 1887 nondum
1041 1828 1164 1884 autem
1187 1812 1228 1883 in

3 1995 4 2002 κ
123 1947 257 2022 tabulis
282 1945 461 2021 Umbriae
485 1945 641 2046 scriptis,
675 1956 778 2016 sexto
804 1953 891 2042 post
914 1934 1073 2012 Romam
1098 1930 1225 2020 condi·

123 2087 200 2147 tam
226 2069 373 2146 saeculo
399 2069 641 2142 attribuimus.

226 2195 320 2288 Hae,
350 2209 388 2268 et
409 2219 499 2294 quas
520 2194 629 2264 etiam
648 2185 744 2262 infra
763 2186 898 2288 passim
917 2181 1097 2277 adiiciam,
1126 2210 1227 2259 com-

123 2323 332 2424 parationes
356 2315 664 2394 verisimillimum
695 2309 786 2385 mihi
795 2305 1063 2401 reddiderunt,
1095 2311 1228 2408 Engu-

123 2448 223 2520 binas
242 2435 379 2518 tabulas
398 2444 525 2516 Larua
544 2440 689 2540 scm'ptus
708 2435 862 2510 medium
875 2434 964 2532 sere
983 2435 1126 2536 assequi
1142 2459 1228 2506 sex-

123 2586 200 2642 tum
225 2569 406 2640 saeculum
431 2569 476 2640 ab
499 2567 594 2642 Urbe
618 2562 779 2654 condita,
815 2561 864 2632 ita
896 2573 938 2632 ut
962 2557 1023 2633 vel
1049 2554 1123 2631 duo
1149 2582 1227 2630 sae·

125 2691 208 2767 'cula
243 2688 471 2764 intercedant
504 2693 600 2765 inter
635 2685 779 2764 tabulas
813 2683 991 2760 Umbrica
1026 2697 1064 2758 et
1097 2680 1229 2759 Latine

126 2817 345 2917 inscriptas.⁴

180 3060 257 3139 (asa)
285 3055 561 3134 Quintil.1‚5,‡2.
665 3099 668 3104 ·

145 3157 149 3164 ’
178 3163 258 3243 (254)
285 3163 396 3222 Varro
412 3162 488 3220 M.
501 3169 582 3241 p.13.
597 3157 644 3218 ed.
657 3154 723 3238 Bip.

179 3265 259 3343 (²⁵⁵)
286 3261 359 3323 Cic.
376 3267 461 3325 Orat.
481 3283 507 3322 c.
515 3261 561 3322 is.
579 3255 607 3342 §
618 3270 682 3321 153:
705 3255 896 3338 „Quomodo
921 3255 999 3317 euim
1019 3268 1117 3318 vester
1134 3253 1230 3318 Axilla

127 3365 184 3426 Ala
197 3362 289 3424 factus
303 3358 355 3440 est,
368 3365 424 3426 nisi
437 3363 628 3448 lugalitterae
639 3359 813 3425 vuueristt
827 3359 865 3421 cf.
880 3359 1047 3421 Schneid.
1060 3359 1230 3440 I‚1.p.187.

180 3465 272 3548 (256)-
283 3466 409 3543 naar,
423 3476 468 3528 25.
934 3487 938 3492 ·

179 3568 259 3650 (²⁵7)
283 3564 345 3628 Alii
363 3567 412 3630 tel
432 3568 626 3626 Anemurium
645 3565 749 3650 legunt
769 3563 808 3626 ci.
828 3563 953 3650 Sigon.
970 3563 1007 3626 ad
1024 3559 1055 3622 b.
1068 3560 1100 3638 l.,
1116 3565 1230 3622 omero.
1274 3639 1275 3646 ἵ

130 3673 234 3733 Letter.
253 3677 285 3730 di
300 3673 414 3747 Mafsei.
432 3668 529 3738 T.VI.
546 3680 612 3752 p.5.
634 3679 663 3728 el
681 3666 849 3742 Budelli
869 3675 946 3726 della
963 3671 1065 3736 litem
1081 3671 1131 3723 δι’
1141 3669 1233 3740 primi
1274 3685 1275 3722 3

128 3780 449 3854 memoratarum

575 3919 778 3932 *a*
