2558 4314
567 15 762 144 rs

7 189 15 210 l
97 214 279 324 concedo,
299 213 525 317 scripturam
541 205 746 280 Romanam
770 221 939 306 tempore
966 196 1199 304 supradicto

100 373 195 436 cam,
223 367 333 446 quam
358 351 487 440 postea
511 327 676 408 videmus
698 330 856 428 speciem
881 322 1055 415 induisse,
1085 320 1201 396 Grae-

103 473 180 543 ciae
203 467 368 569 inprimis
392 455 564 561 adpulsu,
592 449 693 524 idern
717 463 841 522 tamen
864 446 1064 540 contendo,
1094 449 1201 520 exsti-

106 595 194 684 tissa
209 593 281 664 iam
306 587 563 667 litteraturam,
593 571 638 648 ad
666 597 777 716 quarn
796 568 937 645 Graeca
955 574 1118 674 potuerit
1138 595 1202 673 ap-

107 719 169 816 tari
188 713 272 815 (⁶²),
308 733 419 812 quam
443 704 635 776 Etruscam
666 699 783 800 possis
816 691 983 768 eodem
973 721 1050 769 rure
1076 694 1203 800 appel-

102 809 204 932 lare,
242 859 321 938 quo
351 829 580 904 Umbrorum
613 803 896 922 Oscorumque:¹
930 842 1051 920 neque
1082 835 1205 894 tamen

99 966 221 1066 ipsam
248 981 331 1030 eam
354 952 463 1027 fuisse
482 950 720 1024 Etruscorum
739 945 994 1034 litteraturam,
1026 968 1119 1044 quae
1140 969 1203 1016 ne-

102 1110 179 1188 que
206 1082 233 1153 d
260 1102 427 1220 nequeq
458 1099 580 1176 neque
606 1076 627 1146 b
656 1067 818 1172 aliasque
841 1067 1031 1143 Romanae
1061 1066 1207 1169 linguae

103 1218 260 1281 noverat
283 1177 429 1294 litteras,
459 1195 524 1274 sed
549 1178 769 1271 simillimam
786 1209 928 1268 tantum
946 1194 1121 1268 Etruscae
1141 1219 1206 1296 pa-

107 1332 197 1403 riter
213 1343 321 1430 atque
339 1327 553 1403 veterrimae
574 1317 751 1395 Graecae.
779 1343 907 1394 verum
925 1321 1033 1392 etiam
1051 1321 1208 1422 scriptu-

107 1480 184 1526 ram
207 1455 452 1527 sinistrorsum
478 1456 622 1525 vcrsam
643 1443 767 1535 fuisse,
795 1458 837 1518 ut
856 1440 954 1545 apud
975 1459 1117 1519 ceteros
1134 1443 1206 1518 Ita·

103 1577 175 1652 liae
192 1575 360 1680 populos
378 1590 415 1649 et
433 1573 648 1650 veterrimos
671 1565 847 1658 Graecos,
877 1569 978 1642 cuius
999 1567 1209 1670 exemplum

102 1700 201 1775 baud
230 1704 307 1774 scio
334 1726 381 1772 an
405 1694 565 1798 proferri
589 1693 707 1795 possit
731 1717 877 1782 numus,
913 1711 1032 1792 qucm'
1049 1690 1207 1799 Swintq.

103 1829 187 1898 nius
202 1823 269 1922 (⁶³)
295 1821 468 1922 vulgavit,
505 1819 605 1890 cuius
635 1815 746 1889 altera
769 1819 813 1894 ¹in
838 1829 943 1919 parte
969 1813 1210 1918 Gorgoneum

108 1938 214 2046 quasi
239 1955 362 2044 caput,
398 1944 437 2015 in
464 1939 575 2015 altera
600 1966 658 2016 res
685 1936 829 2042 depicta
856 1953 924 2047 est,
954 1965 1064 2042 quam
1087 1939 1209 2014 Muel-

97 2108 98 2112 ’
110 2111 318 2126 ...η-σκ-

161 2199 225 2278 (62)
250 2197 419 2261 Nonnullae
427 2199 543 2262 litterae
552 2200 583 2260 in
592 2195 1002 2280 antiquissimisRomanorum
1013 2197 1212 2281 inscriptioni-

109 2301 163 2362 bus
176 2301 420 2384 magisaccedunt
431 2302 466 2364 ad
481 2302 626 2378 Etrnscas,
639 2321 725 2383 qnam
738 2299 768 2360 in
781 2298 1004 2361 recentioribus.
1018 2301 1096 2362 Vide
1108 2301 1226 2384 Laus.=

107 2405 145 2464 T.
152 2404 177 2463 1.
191 2403 249 2464 tab.
258 2419 296 2465 11.
316 2406 351 2464 In
364 2405 560 2466 monumentis
574 2403 721 2486 Scipionis
733 2401 861 2479 Barbati,
874 2401 984 2483 filiique
997 2402 1115 2465 Barbati
1129 2397 1212 2484 le(l)

106 2505 261 2582 scribitur,
282 2506 313 2566 in
332 2507 520 2588 sequentibus
539 2507 624 2568 buius
643 2504 740 2590 gentis
758 2504 898 2587 sepulcris
914 2497 956 2579 l.;
984 2499 1008 2570 b
1026 2506 1112 2566 etiarn
1132 2507 1213 2568 vides

108 2601 214 2670 Lanzss
228 2607 286 2672 tab.
295 2625 332 2669 11.
345 2631 374 2669 n.
384 2624 426 2670 11.
442 2623 485 2670 12.
501 2609 546 2671 tlt.
571 2609 713 2670 Litteram
730 2633 752 2682 p
766 2609 848 2686 (Etr.
859 2597 939 2684 ’1,Ἷ)
953 2621 1171 2690 repraesentant
1188 2605 1211 2674 Ρ

107 2725 170 2772 tum
188 2709 305 2770 tabulae
318 2710 501 2794 Eugubinae,
519 2723 581 2772 tum
601 2731 704 2773 omnes
724 2709 789 2772 iere
806 2711 883 2792 apud
895 2711 1035 2773 Lennium
1046 2712 1162 2774 tabulae
1174 2729 1211 2775 11.

108 2811 323 2893 inscriptiones,
343 2806 419 2877 Ρη.
428 2815 472 2874 11.
491 2806 532 2875 (ll
547 2813 595 2892 (a)
608 2835 638 2872 n.
647 2827 690 2874 11.
709 2801 783 2876 lbra.
792 2825 836 2875 13.
851 2825 881 2872 et
896 2813 927 2873 in
941 2812 1144 2894 antiquissimis
1156 2834 1213 2876 nu-

109 2915 180 2990 mia,
197 2908 229 2988 Α
242 2915 279 2974 Τ.
286 2915 325 2974 Π.
339 2912 462 2976 saban.
474 2935 504 2973 n.
513 2927 540 2974 2.
555 2920 582 2974 6.
601 2913 639 2974 ct.
653 2915 781 2976 swint
796 2920 843 2974 De
852 2922 941 2990 prae.
955 2922 1040 2976 Rom.
1054 2923 1109 2975 litt.
1127 2939 1157 2997 p.
1168 2931 1212 2978 10.

112 3013 204 3088 Quod
217 3037 290 3077 vero
305 3017 383 3077 idem
400 3016 451 3077 11.
471 3016 509 3077 de
527 3039 544 3076 r
562 3014 659 3076 littera
677 3015 749 3076 olim
764 3037 826 3078 nou
840 3017 919 3076 rsed
932 3024 1074 3092 ascripta
1092 3017 1213 3080 conclu-

112 3116 156 3176 dit
169 3135 203 3175 ex
215 3117 355 3179 Prisciani
368 3120 416 3200 (p.
425 3120 503 3199 551.)
516 3115 629 3180 verbis:
647 3137 758 3199 „saepe
776 3117 973 3182 ascribentes
990 3119 1087 3180 Latini
1106 3121 1182 3184 hanc
1197 3147 1214 3182 r

111 3218 211 3279 littera
223 3219 387 3299 exprimunt
398 3241 484 3298 sono,
503 3232 537 3282 ut
548 3219 699 3299 medidies,
717 3219 807 3282 hodie
825 3220 986 3285 meridies’'
1001 3223 1109 3287 rectius
1123 3225 1214 3287 debe·
1270 3211 1271 3220 ἵ

110 3321 161 3384 bat
173 3319 350 3402 intelligere.

161 3423 225 3504 (ss)
250 3427 478 3485 retrosum.
501 3432 582 3490 1771.
601 3431 683 3505 par.
697 3433 743 3491 92.
762 3424 857 3487 tans.
876 3437 941 3489 ns.
969 3456 1006 3476 -ι-
1031 3425 1151 3489 Cautius
1169 3440 1213 3490 ta-

110 3546 179 3588 men
192 3524 366 3608 proferendi
378 3538 446 3587 sunt
458 3517 663 3588 Swintouii
674 3526 766 3605 numi,
780 3550 869 3609 quum
880 3529 1214 3612 saepissimedescripse-

111 3627 160 3707 rit,
174 3648 247 3710 qnos
259 3640 378 3710 praeter
389 3627 482 3709 ipsum
495 3649 584 3690 nemo
598 3649 717 3709 usquam
734 3629 816 3692 uidit.
846 3631 892 3692 lta
908 3631 989 3692 solus
1003 3627 1077 3690 vidit
1093 3651 1213 3693 numum

112 3751 179 3792 cum
198 3730 396 3810 inscriptione·
409 3724 656 3810 VtTEthD,
679 3751 753 3812 quae
773 3733 879 3794 ceteris
898 3734 931 3791 in
950 3728 1093 3792 omnibus*
1105 3732 1214 3815 legitur

113 3822 340 3904 VlV3Tl2.
359 3831 399 3936 ci.
417 3853 491 3916 quae
511 3835 549 3896 de
566 3833 629 3896 aliis
644 3833 706 3897 eius
723 3834 819 3896 numis
831 3833 938 3894 iudicat
955 3829 1063 3889 Eckh.
1077 3833 1102 3888 1.
1115 3835 1212 3908 pade.

502 4122 516 4168 b
581 4149 582 4152 ,
