2558 4314
579 44 791 132 Ἥ,

1 289 2 294 ’
109 278 200 330 num
223 245 469 324 monumentis
497 241 720 344 reperiatur3
750 240 918 340 itemque
933 263 968 339 p
991 236 1133 312 litterae
1160 243 1206 312 si-

108 403 221 481 gnum
254 378 293 466 Γ,
334 367 435 474 quod
468 370 508 440 in
541 361 687 438 duobus
718 375 861 436 tantum
893 359 1075 456 distichis,
1115 387 1209 464 quae

110 513 350 576 monumento
381 493 454 569 Cn.
482 485 648 566 Cornelii
683 483 755 560 Cn.
774 484 806 558 f.
838 482 1024 588 Scipionis
1055 487 1210 589 Hispani

108 623 248 700 adiecta
273 635 371 711 sunt,
407 633 445 692 et
469 637 563 717 quae
589 613 777 714 superiore
803 612 1042 711 inscriptione
1067 614 1211 685 iuniora

107 767 201 855 puto
214 745 312 848 (²⁴⁷),
341 747 366 817 P
387 739 591 814 exhibetur.
618 733 775 808 Lineola
795 732 871 826 illa,
898 759 991 835 qliae
1011 761 1034 835 q
1051 734 1212 809 litteram

108 872 307 972 distinquit
331 867 377 939 ah
403 891 431 938 0·
447 863 583 952 littera,
610 861 650 932 in
676 855 821 932 duobus
848 860 1106 960 antiquissimis
1132 885 1211 933 mo-

107 994 297 1074 numentis
310 988 443 1093 ‘paullo
457 987 607 1070 brevior
626 999 692 1075 est,
717 1009 827 1086 quem
845 985 885 1056 in
903 985 1153 1085 sequentibus,
1177 998 1214 1058 et

111 1121 228 1220 magis
251 1113 391 1188 accedit
414 1111 460 1186 ad
480 1111 690 1212 Eugubinas
709 1106 864 1182 tabulas.
900 1107 1033 1182 Forma
1054 1105 1213 1210 denique

104 1246 129 1317 ,l
152 1243 296 1316 litterae
321 1243 360 1313 in
385 1235 529 1312 duobus
544 1225 627 1306 'illis
652 1230 768 1304 titulis
793 1228 923 1306 eedem
948 1247 1015 1325 est,
1055 1257 1150 1334 quae
1176 1236 1214 1306 in

115 1353 372 1469 antiquissimis
396 1361 548 1439 Graecis
580 1355 690 1460 atque
723 1359 763 1428 in
793 1356 972 1450 Etruscis,
1007 1356 1213 1451 Umbrieis,

116 1491 222 1568 Oscis
240 1493 289 1583 la,
323 1495 362 1564 in
387 1491 517 1564 ceteris
544 1483 715 1558 omnibus
742 1477 784 1554 Ι..
833 1480 935 1554 Haec
965 1485 1130 1586 inprimis
1163 1499 1217 1556 est

111 1618 248 1708 littera,
279 1640 374 1718 quae
401 1636 461 1684 me
487 1604 647 1700 adducit,
675 1621 719 1680 ut
741 1605 952 1706 Eugubinas
976 1606 1119 1680 tabulas
1144 1606 1216 1680 La-

111 1746 190 1817 tine
212 1742 377 1838 scriptas,
408 1757 523 1834 quum
542 1757 619 1806 non
642 1727 746 1807 ised
770 1732 800 1804 l.
819 1729 1027 1825 exhibeant,
1056 1735 1218 1805 iuniores

114 1860 289 1949 iudicem,
320 1881 431 1958 qrram
454 1853 518 1928 illa
540 1852 757 1957 Scipionum
776 1870 1026 1929 monumenta.
1061 1854 1218 1930 Formae

120 1984 219 2056 enim
243 1986 319 2054 Pet
334 1985 386 2056 Ο·
404 1982 583 2056 maiorem
609 1981 862 2080 antiquitatem
888 1982 1054 2056 evincere
1080 2005 1220 2083 neque-

119 2119 200 2196 unt,
237 2106 287 2178 ita
318 2117 373 2194 ut,
411 2129 525 2204 quum
557 2128 666 2204 supra
697 2105 893 2176 terminum
927 2107 1220 2178 constituerimus

119 2255 256 2304 annum
280 2243 368 2330 post
391 2225 441 2301 U.
459 2253 492 2299 cr
519 2225 597 2300 lere
625 2231 713 2315 loc,
743 2241 825 2300 ante
852 2253 963 2328 quem
987 2226 1140 2302 Latinae
1165 2244 1219 2303 ta-

118 2352 228 2426 bulae
249 2355 444 2453 inscriptae
468 2377 546 2425 esse
567 2353 819 2452 nonpossint,
848 2354 920 2422 iam
941 2353 1121 2453 integrum
1141 2378 1218 2462 sap·

119 2475 245 2551 culum
277 2473 433 2551 adiicere
466 2473 664 2550 debeamus
698 2471 743 2549 ad
776 2475 979 2548 minimum.
1029 2473 1087 2548 Ad
1124 2480 1221 2580 ipsas

117 2601 256 2674 litteras
281 2598 391 2700 quod
423 2604 571 2688 attinet,
612 2579 747 2704 passim
786 2595 986 2674 adhibitam
1019 2603 1221 2702 reperimus

86 2736 94 2744 ’
118 2725 280 2799 litteram
303 2747 341 2821 g,
380 2749 473 2824 quae
500 2752 615 2827 quum
642 2729 681 2799 in
706 2725 855 2799 Barbati
880 2742 1121 2799 monumento
1149 2730 1221 2799 iam

120 2852 336 2952 reperiatur,
370 2871 448 2920 non
479 2847 596 2920 multo
628 2864 751 2923 tamen
781 2865 865 2922 ante
890 2852 1036 2925 inventa
1061 2847 1217 2927 videtur.

121 2972 167 3047 L.
185 2969 429 3047 Schneiderus
461 2967 623 3045 secundo
657 2969 804 3046 demum
832 2971 935 3060 bello
961 2972 1102 3047 Punico
1127 2973 1223 3049 hanc

30 3115 37 3133 ⁸
123 3095 280 3171 litteram
305 3099 490 3173 iuventam
515 3111 638 3199 putate
667 3112 705 3171 at
728 3095 915 3171 Plutarchi
932 3094 1012 3200 (²⁴⁸)
1037 3101 1149 3177 verba
1176 3097 1222 3172 de

172 3365 252 3445 (247)
278 3362 379 3438 Quum
392 3364 423 3426 in
432 3363 538 3427 ceteris
546 3365 741 3428 monumentis
750 3365 893 3451 legamus:
906 3374 1010 3437 aidrlrt,
1023 3375 1127 3438 ar‘dem,
1139 3375 1222 3446 quat-

121 3475 205 3534 ratr's,
223 3477 310 3547 atque
323 3466 354 3526 in
368 3466 498 3529 eiusdem
510 3468 567 3530 saxi
582 3468 677 3531 verbis
690 3489 776 3551 supra
788 3468 915 3552 scriptist
934 3464 1022 3536 All).
1037 3470 1172 3552 (autu),
1191 3470 1223 3530 in

120 3569 167 3631 his
185 3567 315 3634 versibus
334 3568 485 3634 scribitur:
503 3581 660 3644 laetentur,
679 3595 710 3630 m
722 3570 809 3632 finale
827 3591 888 3634 non
904 3571 1053 3646 abiicitur3
1072 3582 1162 3633 bonor
1175 3569 1235 3634 ex-'

122 3670 250 3748 bibetur,
275 3691 335 3732 non
352 3680 458 3749 honos,
484 3672 566 3735 utin
587 3673 717 3736 eiusdem
736 3673 801 3736 fere
820 3674 960 3758 temporis
979 3687 1170 3738 monumento
1187 3675 1222 3735 L.

125 3772 258 3835 Cornelii
272 3772 328 3835 Cu.
343 3773 365 3834 f.
379 3772 435 3835 (lo.
449 3795 479 3836 n.

174 3873 252 3955 (24⁸)
277 3876 371 3938 Plul.
396 3882 516 3957 Quaest.
536 3901 565 3960 p.
579 3885 642 3945 277.
661 3880 701 3941 Ῑ).
720 3879 767 3940 ed.
787 3878 883 3942 Frcf.t
909 3869 969 3953 dds}
990 3875 1047 3964 γὰρ
1065 3870 1228 3964 ἐχρήσαντο

123 3976 274 4056 (Romani)
293 3981 335 4056 τῷ
352 3969 455 4057 γάμμα
469 3972 627 4067 Κάρβιλιόυ
646 3974 768 4067 Σπορίου
781 3971 1019 4068 προςεξευρόντος.
1052 3979 1152 4055 Quum
1168 3979 1225 4040 hot

1117 4190 1263 4258 A
