2558 4314
629 29 683 119 87

25 329 27 336 y
104 205 202 310 nius¹
228 236 267 305 in
291 227 502 331 Digg.1,12.
521 231 558 297 2.
577 224 687 325 §.36.
708 219 805 321 (²⁴²),
839 227 900 323 qui
929 226 1080 296 innuere
1107 221 1206 296 vide-

33 335 46 444 ’,
104 377 184 451 tur,
217 360 312 431 eirea
345 351 441 428 a·.U.
459 353 531 424 tto
564 347 660 420 hane
693 349 972 422 conversionem
1005 349 1206 447 incepisse,

107 483 267 560 Cicero
298 477 473 580 denique,
509 476 574 574 qui
603 475 643 544 in
668 471 788 573 Epist.
816 467 862 544 ad
888 469 1003 544 famil.
1032 469 1142 562 tlx,
1161 477 1203 541 21

45 603 47 611 ’
104 606 236 682 diserte
253 618 395 680 narrate
422 598 622 692 „Fuerunt
638 598 736 669 enim
755 597 900 698 patricii
918 599 1103 668 minorum
1122 619 1208 696 gen·

103 737 209 824 tium,
242 750 403 832 quorum
427 726 600 826 princeps
625 721 672 794 L.
687 718 855 822 Papirius
880 719 1116 820 Mugillanus,
1146 723 1210 821 qui

102 883 235 932 censor
254 878 341 926 cum
357 847 403 922 L.
418 845 641 947 Sempronio
660 843 830 918 Atratino
852 843 934 935 fuit,
964 869 1078 945 quum
1105 859 1209 918 antea

38 1015 43 1044 ε
103 977 239 1056 consul
264 1001 348 1047 cum
372 969 505 1047 eodem
530 969 668 1061 fuisset,
698 971 800 1042 annis
827 984 915 1072 post
935 966 1094 1042 Romam
1120 993 1209 1041 con-

104 1103 222 1176 ditam
258 1067 392 1172 ceorln.
446 1092 520 1170 Sed
553 1108 633 1200 tum
665 1090 802 1195 Papisii
836 1091 1067 1200 dieelramipi.
1120 1089 1211 1165 Post

102 1229 206 1302 hune
241 1190 324 1298 xln.
361 1222 510 1297 fuerunt
542 1217 633 1294 sella
666 1217 784 1290 curuli
819 1232 912 1291 unte¹
941 1217 988 1292 L.
1021 1215 1210 1318 Papirium

37 1433 39 1439 ,
105 1352 299 1440 Crassum,
336 1351 400 1452 qui
429 1349 591 1450 primum
621 1340 786 1444 Papisius
820 1357 874 1416 est
904 1345 1031 1418 vocari,
1057 1338 1206 1415 desitus.

102 1476 140 1550 Is
167 1472 323 1548 dictator
347 1499 433 1548 oum
456 1471 504 1544 L.
524 1467 674 1571 Papirio
703 1464 878 1558 Cursore,
907 1471 1078 1568 magistro
1106 1467 1209 1566 equi-

38 1575 41 1582 ¹
100 1616 192 1689 tum,
218 1599 334 1672 saeuus
356 1612 421 1682 est,
447 1594 550 1666 annis
569 1609 657 1695 post
671 1590 829 1666 Romam
847 1588 1031 1676 conditam
1049 1615 1210 1676 ccccxv,

101 1741 140 1798 et
160 1720 405 1824 quadriennio
426 1731 515 1817 post
539 1717 668 1792 consul
694 1741 778 1791 eum
797 1715 847 1790 K.
863 1713 1042 1788 Duilio.’'
1085 1713 1210 1808 Quare

5 1823 9 1946 J
38 1933 40 1938 Ι
104 1851 136 1917 si
154 1873 174 1914 r
191 1867 262 1942 pro
287 1869 306 1912 s
332 1843 372 1910 in
396 1840 608 1914 nominibus
631 1845 792 1943 propriis
818 1843 914 1946 eirea
939 1865 972 1912 a.
987 1837 1036 1912 U.
1053 1845 1128 1910 400
1154 1841 1208 1910 in-

105 1939 257 2054 valuit,
279 1960 550 2036 conficiendum
583 1979 656 2057 est,
696 1963 849 2038 eandem
883 1966 1209 2038 commutationem
1259 2014 1262 2022 «

104 2091 146 2162 in
163 2068 627 2189 nominibusappellativis
653 2089 762 2160 etiam
788 2087 894 2162 altius
920 2113 998 2162 esse
1023 2111 1208 2189 reponen-

106 2210 192 2286 dam
211 2208 310 2310 (243).
363 2207 453 2284 Non
480 2206 587 2304 valde
613 2212 722 2312 igitur
751 2237 772 2283 a
799 2236 887 2286 vero
914 2213 1081 2286 aberrare
1107 2208 1208 2294 vide·
1252 2249 1255 2254 ·

105 2362 202 2428 mur,
239 2338 270 2408 si
301 2337 341 2408 in
364 2333 541 2410 Umbrica
572 2359 723 2438 quoque
752 2334 874 2436 lingua
906 2361 986 2408 eam
1011 2339 1075 2408 suh
1089 2335 1208 2435 finem

104 2461 242 2533 saeculi
258 2465 381 2564 quarti
399 2478 480 2563 post
498 2463 650 2534 Romam
676 2461 853 2534 conditam
878 2455 1011 2534 saetam
1037 2483 1114 2532 esse
1139 2483 1208 2560 pu-

14 2563 32 2632 s
104 2601 237 2659 tamus.
292 2582 355 2657 Sic
381 2609 471 2661 vero
503 2591 688 2660 wentanum
720 2587 942 2676 invenimus,
978 2584 1074 2684 irfia
1103 2609 1209 2688 quem

5 2721 36 2782 ἒ,
112 2710 273 2792 Umbriae
293 2710 456 2808 scraptae,
484 2737 593 2810 supra
617 2735 723 2815 quem
744 2711 872 2784 Latrim
894 2714 1044 2811 scraptae
1069 2709 1210 2784 tabulae

15 2863 16 2868 ¹
108 2836 231 2934 reponi
253 2849 447 2935 nequeunt.
499 2831 633 2935 Neque
660 2836 758 2908 enim
782 2831 820 2906 id
846 2836 955 2907 nobis
981 2833 1113 2935 aliquis
1140 2833 1206 2905 ob-

109 2958 217 3051 iiciet,
251 2955 346 3030 hanc
371 2983 390 3028 a
414 2955 556 3033 litterae
582 2960 860 3034 conversionem
886 2957 964 3032 aliis
992 2981 1144 3061 quoque
1169 2959 1208 3030 in

110 3133 311 3146 —-—

157 3244 238 3324 (242)
264 3242 373 3320 „Idein
385 3240 463 3327 App.
473 3242 621 3322 Claudius,
634 3243 685 3326 qui
698 3243 814 3307 videtur
824 3244 861 3306 ab
874 3245 932 3307 hoe
944 3244 1116 3328 processisse
1129 3269 1146 3305 r
1158 3244 1207 3307 lit-

35 3391 40 3401 .
105 3357 199 3415 teram
218 3345 341 3422 invenit,
360 3358 393 3406 ut
410 3368 466 3428 pro
478 3347 601 3409 Valeriis
613 3346 725 3409 Valerii
744 3359 849 3424 essent,
867 3360 898 3409 et
915 3369 970 3430 pro
988 3347 1082 3410 Fusiis
1098 3347 1208 3409 Furii.’'

107 3448 147 3510 ci.
165 3446 335 3509 Schneid.
354 3453 404 3508 Gr.
422 3450 448 3527 I,
461 3463 486 3511 1.
505 3472 535 3532 p.
544 3450 607 3512 341.
629 3462 692 3512 not.
716 3446 794 3533 App.
815 3448 954 3516 Claudius
973 3451 1085 3514 Caecus
1105 3449 1207 3512 consul

106 3549 163 3612 tuit
175 3571 200 3612 a.
209 3573 238 3612 u.
252 3549 316 3614 lli·
330 3561 361 3611 et
372 3551 437 3612 its.

159 3652 239 3733 (att)
263 3652 370 3732 Neque
387 3671 460 3715 vero
480 3654 659 3738 negaverim,
677 3654 725 3717 vel
743 3654 864 3719 Pacuvii
881 3668 1016 3737 tempore
1035 3653 1206 3716 histrionem

106 3755 224 3816 Fusium
242 3753 382 3836 appellari
399 3755 540 3838 potuisset
561 3775 651 3840 quare
670 3775 796 3820 centnm
814 3778 875 3822 nen
887 3756 1044 3840 perspicio,
1065 3777 1119 3820 eur
1131 3758 1207 3840 apud

107 3857 211 3918 Horat.
223 3856 283 3918 Sat.
296 3857 337 3936 11,
350 3871 379 3937 3,
391 3864 437 3942 βο.
462 3845 565 3924 eontra
587 3859 714 3944 optimos
732 3859 968 3924 animaliores
988 3859 1207 3925 emendaverint
1273 3847 1274 3854 ἵ

106 3959 205 4022 Fufius
221 3978 277 4041 pro
291 3958 403 4024 Fusius.
