2558 4314
181 197 209 266 ἢ
237 190 357 266 littera
387 193 425 262 in
449 188 586 264 tabulis
612 195 751 280 nostris,
771 219 917 298 semper
941 213 973 288 2
1000 207 1185 300 scribitur,
1266 207 1267 294 l

80 312 145 390 sed
169 315 258 389 licet
279 316 407 416 primis
431 317 662 418 temporibus
683 321 711 392 ²!
734 333 877 394 tantum
901 323 942 396 in
966 350 1038 401 usu
1062 328 1185 424 fuerit,
1266 399 1267 418 ,

79 455 219 516 manue
237 453 360 515 tamen
380 441 491 514 ambo
512 441 612 542 signa
637 439 818 518 alternant
842 443 974 522 iisdem
999 454 1038 524 in
1064 457 1185 557 sepul.
1266 459 1267 542 t

79 567 162 640 cris.
210 560 335 656 Quid?
367 562 470 666 quod
495 567 535 640 in
560 569 769 642 recentibus
793 571 1092 674 inscriptionibus
1114 579 1183 654 Pe·

78 689 229 781 rusinis,
271 687 515 788 bilinguibus,
560 693 805 796 omnibusque
841 693 1066 798 longioribus
1097 703 1185 799 (²³²)

79 828 290 888 constanter
314 819 341 890 Ζ1
370 811 576 886 exhibetur.
620 812 745 906 Quare
771 836 801 911 :t
832 845 910 894 non
936 826 1184 928 antiquissima

79 934 244 1040 quidem,
272 940 458 1038 antiquior
481 952 605 1010 tamen
629 939 748 1014 forma
773 941 931 1020 videtur.

182 1060 310 1138 8num
321 1064 360 1164 in
373 1063 619 1134 monumentis
631 1088 732 1136 mere
743 1065 906 1142 Etruscis
921 1075 1032 1150 etiam
1039 1072 1180 1148 Graeco

78 1189 182 1287 signo
204 1188 243 1262 (Ι)
262 1188 438 1287 scriptum
463 1183 772 1288 deprehendatur,
799 1190 907 1266 valde
934 1194 1080 1272 dubito.
1126 1197 1184 1272 Si·
1262 1207 1267 1286 i

78 1291 243 1413 quidem,
275 1323 317 1383 ut
342 1307 403 1382 alii
427 1323 573 1412 putant,
604 1307 785 1384 alternant
810 1316 920 1388 ambo
947 1324 1063 1420 signa,
1091 1327 1183 1398 anti-

77 1438 186 1538 quius
205 1432 375 1536 profecto
397 1449 452 1506 est
468 1435 507 1509 (Ι)
526 1436 689 1532 signum„
711 1435 851 1535 quippe
876 1439 980 1536 quod
1005 1450 1187 1547 antiquis.

77 1562 210 1632 simum
243 1572 298 1632 est
327 1554 490 1632 Graecae
517 1575 546 1655 φ
573 1555 728 1630 litterae.
781 1556 834 1632 At
864 1585 957 1661 quae
989 1566 1187 1669 ipseper.

76 1682 226 1757 lustravi
250 1682 490 1756 Etruscorum
512 1697 766 1774 monumenta,
798 1681 893 1757 hanc
916 1684 1008 1757 mihi
1030 1705 1185 1764 senten.

76 1810 164 1881 tiam
182 1807 342 1909 probare
367 1830 444 1879 non
467 1822 682 1908 potuertmt.
727 1805 773 1880 In
794 1811 1042 1882 vetustissimis
1063 1810 1182 1886 Grae·
1261 1863 1266 1893 ,

75 1933 127 2005 cis
146 1931 446 2034 inscriptionibus
465 1932 701 2006 inveniuntur
721 1930 863 2006 formae
883 1936 928 2007 [Π
940 1930 1037 2031 (²³³),
1063 1937 1102 2008 (Ι)
1121 1937 1188 2011 vel
1261 1918 1265 1948 ⁸

76 2051 209 2154 (Nm)
237 2071 273 2129 et
296 2053 326 2130 Ο
347 2051 443 2154 (²³⁵).
490 2053 595 2128 Hanc
615 2055 772 2128 formam
797 2059 837 2130 in
856 2057 906 2149 Θ,
937 2055 1071 2132 deinde
1090 2061 1185 2148 in8
1262 2043 1265 2118 ἶ

77 2196 114 2252 et
134 2178 160 2256 8
179 2181 355 2254 Etruscos
373 2181 536 2272 vertisse,
567 2177 693 2253 dicunt
714 2179 948 2282 Ligorius,
970 2181 1178 2276 Lanzius,

75 2303 334 2378 Muellerus.
372 2301 424 2377 At
448 2307 609 2406 primum
634 2303 719 2376 illae
745 2308 1015 2408 inscriptiones,
1040 2309 1079 2379 in
1102 2312 1175 2411 qui

75 2430 145 2501 bus
166 2429 203 2504 Θ
224 2421 294 2530 pro
314 2426 340 2504 8
358 2429 428 2501 sibi
445 2424 729 2532 deprehendisse
746 2423 927 2515 videntur,
946 2455 1175 2536 nequaquam
1197 2437 1200 2446 ’
1268 2503 1269 2514 ,

76 2555 172 2626 inter
191 2554 415 2653 antiquiores
436 2548 659 2627 referendae·
676 2566 772 2644 sunt,
801 2548 839 2625 id
867 2551 969 2656 quod
994 2571 1180 2658 exspecta·
1268 2537 1269 2580 l

75 2677 171 2752 veris
190 2690 326 2766 tamen,
356 2701 470 2776 quum
489 2700 536 2750 ne
556 2701 628 2757 una
648 2673 800 2778 quidem
819 2705 931 2756 unam
952 2704 997 2756 ex
1023 2681 1181 2779 antiquis

75 2797 207 2873 litteris
228 2796 273 2890 Α,
303 2795 347 2890 >l,
380 2795 440 2891 al,
466 2805 510 2888 3’1,
541 2798 590 2873 al.
620 2800 809 2876 exhibeat:
841 2829 968 2878 omnes
990 2806 1110 2906 potius
1131 2797 1178 2874 ad

75 2938 213 2998 ceteras
233 2948 384 3026 prorsus
404 2921 595 3018 accedunt,
620 2951 714 3028 quae
732 2926 877 3032 vulgata
894 2931 1071 3030 scriptura
1090 2951 1180 2999 con·
1268 2945 1269 2970 3

76 3050 296 3150 spiciuntur.·
352 3047 455 3126 Haec
486 3075 575 3126 vero
606 3051 751 3156 malgata
783 3069 820 3125 et
850 3055 973 3126 iunior
1004 3055 1182 3156 scriptura
1266 3007 1269 3134 l

76 3176 268 3273 ceteroqui
290 3189 503 3250 constanter
524 3173 596 3272 8s
607 3173 750 3250 litterae
776 3192 814 3250 et
836 3182 874 3260 Θ
895 3177 920 3250 la
945 3176 1089 3254 litterae
1113 3200 1182 3252 no·
1268 3277 1269 3282 ἵ

75 3311 130 3370 tas
153 3293 359 3398 distinguit:
389 3301 458 3374 nisi
484 3296 587 3400 quod
612 3302 652 3374 in
678 3303 828 3402 gemmis
853 3299 1056 3392 nonnullis,
1085 3325 1183 3400 qtrae
1268 3289 1269 3378 t

75 3419 246 3524 proiecto
279 3446 357 3496 non
381 3437 458 3496 tam
482 3426 698 3530 antiquitate
724 3423 867 3499 artificii
891 3424 952 3501 vel
977 3425 1182 3498 litterarum
1267 3395 1269 3512 l

76 3559 281 3575 m

126 3624 208 3703 (2³2)
232 3623 355 3687 tanat.
370 3623 410 3684 11.
424 3625 524 3690 ..aaa
538 3607 680 3692 utari„

126 3724 207 3803 (²3³)
234 3733 302 3788 CJ.
315 3740 399 3788 mtt.

128 3825 207 3902 (2³4)
237 3834 301 3889 cr.
316 3843 379 3890 n.1.
393 3841 420 3890 s.
435 3839 478 3892 ro.
495 3838 595 3894 15.17.
610 3838 654 3895 rt.
667 3830 705 3890 at

127 3925 207 4006 (²³⁵)
235 3932 439 3996 C·I.n.r.sr.
