2558 4314
115 191 273 265 alterum
298 183 395 290 apud
420 183 599 258 Lanzium
613 181 694 280 (⁶⁷),
728 186 767 254 in
793 207 870 284 quo
897 181 1047 282 legitur:
1078 181 1214 271 ΝΝΟ,

15 308 18 316 ’
118 315 271 395 ΙΟνΕΙ
303 328 340 387 et
373 305 630 388 stimet.
685 301 829 397 Quodsi
861 305 921 382 vel
953 303 1095 380 Romae
1129 303 1219 380 olim

118 441 267 514 Etrusca
287 435 401 511 valuit
413 433 617 508 litteratura
639 430 685 524 (si
697 425 785 500 lieet
797 444 962 504 nostrum
973 457 1121 508 sensum
1133 429 1219 504 huic

5 559 6 562 '
122 563 230 636 verbo
250 559 462 655 subiicere),
487 552 642 626 dubium
661 575 741 624 esse
759 575 838 624 non
856 569 991 654 potest,
1018 559 1108 658 quin
1120 552 1219 658 apud

124 683 281 788 reliquos
310 704 461 784 quoque
483 676 610 752 Italiae
634 674 798 779 populos
817 675 970 774 Etrusca
992 679 1101 754 iuerit
1126 681 1218 754 anti·

7 799 9 804 ’
119 813 242 911 quior,
264 807 397 880 Latina
415 817 567 904 postero
586 797 733 874 demum
746 817 915 904 tempore
929 801 976 874 ab
989 801 1046 874 his
1058 801 1219 878 adhibita

114 937 173 1023 sit,
187 929 418 1006 Graecorum
425 925 750 1027 Romanorumque
758 928 1097 1028 inprimispotantia
1111 941 1220 1028 atque

32 1034 36 1041 Ι
114 1052 330 1132 eruditione
343 1054 452 1154 magis
464 1053 649 1153 magisque
662 1075 731 1153 per
742 1049 885 1124 Italiam
896 1049 1155 1126 invalescente.

222 1175 276 1248 Π.
313 1175 361 1252 At
383 1180 413 1251 si
440 1179 522 1280 quis
546 1190 758 1278 propterea,
790 1173 892 1276 quod
918 1172 1118 1278 aliquando
1143 1190 1221 1250 tota

116 1299 224 1376 Italia
253 1301 422 1376 utebatur
449 1300 674 1390 litteratura,
712 1325 806 1401 quac
837 1298 882 1375 ad
911 1301 1103 1374 Etruscam
1130 1326 1219 1404 pro-

5 1497 7 1502 .
116 1428 213 1500 xime
240 1423 455 1518 accedebat,
484 1451 600 1528 porro
626 1421 836 1516 contendit,
863 1440 980 1500 totam
1003 1425 1149 1500 Italiam
1173 1425 1220 1498 ab

113 1551 278 1632 Etruscis
309 1568 395 1638 eam
420 1564 623 1624 mutuatam
657 1573 752 1640 esse,
787 1573 1037 1652 praepropere
1070 1553 1100 1624 is
1129 1549 1228 1640 mibi,

113 1699 221 1776 agere
261 1673 420 1748 videtur.
493 1673 642 1747 Etenim
682 1673 857 1748 Etruscae
896 1676 966 1776 ipsi
1003 1678 1220 1777 pronuntia-

113 1801 210 1873 tioni
254 1797 447 1888 Etruscam
485 1794 726 1871 litteraturam
769 1797 879 1870 fuisse
923 1801 1219 1874 convenientissi-

116 1944 229 2007 mam,
261 1916 475 2019 litterasque
505 1947 539 2012 ο,
562 1923 596 2011 b,
619 1922 659 2012 cl,
682 1945 721 2017 g,
750 1948 788 2024 q,
818 1919 866 1995 al.
896 1947 960 1996 eos
985 1947 1107 2025 neque
1132 1926 1220 1998 scri-

73 2114 76 2120 ,
116 2041 377 2144 psisseneque
396 2045 667 2140 pronuntiasse,
696 2068 823 2117 omnes
843 2069 913 2146 pro
939 2061 1041 2120 certo
1067 2047 1218 2140 habent,

116 2180 199 2239 tum
234 2160 335 2265 quod
369 2166 624 2268 inscriptiones
662 2191 738 2238 non
773 2166 966 2260 exhibent,
1005 2185 1085 2243 tum
1119 2171 1220 2274 quod

116 2304 259 2365 veteres
268 2286 345 2386 (⁶⁸)
358 2315 509 2392 quoquo
529 2292 600 2394 ipsi
619 2288 795 2365 referunt.
818 2333 822 2346 r
849 2290 996 2384 Umbri,
1020 2296 1134 2386 aiunt,
1158 2299 1222 2397 qui

115 2490 234 2572 quidem
248 2511 336 2574 agere
349 2489 492 2570 videmur,
512 2493 580 2554 siin
593 2493 704 2564 Latinis
718 2505 748 2555 et
762 2492 847 2557 Oscis
859 2493 1098 2578 inscriptionibus
1112 2495 1222 2578 ubique
1273 2573 1274 2604 1

116 2589 150 2658 Μ
166 2593 281 2676 signum
294 2597 348 2675 p'er
360 2619 390 2652 m
403 2593 529 2657 litteram
543 2598 778 2678 pronuntiamus;
796 2597 873 2684 infra
886 2599 963 2660 enim
977 2599 1149 2680 ridebimus,
1167 2621 1222 2661 ne·
1273 2609 1274 2640 ³

75 2749 76 2752 ,
115 2716 174 2777 que
193 2694 336 2772 Latinam,
357 2703 454 2776 neque
474 2697 789 2762 Oscamlitteraturam
808 2727 824 2760 s
843 2701 958 2780 litterae
978 2696 1013 2766 Μ
1031 2704 1146 2787 signum
1165 2726 1221 2764 un-

116 2819 202 2878 quam
219 2796 363 2858 tabuisse.
397 2795 488 2871 Quod
506 2821 579 2861 vero
591 2805 671 2862 'suae'
685 2822 799 2864 caussae
819 2817 1023 2887 argumentum
1035 2803 1223 2888 sibipctiisse

115 2899 233 2961 videtur
251 2899 459 2976 Muellerus
478 2920 514 2961 ex
533 2901 618 2964 Oscis
635 2899 796 2964 numorum'
810 2905 1049 2986 inscriptionibus
1063 2907 1221 2968 desinenti-
1272 2941 1274 2980 t

117 2999 173 3060 bus
190 3000 221 3059 in
239 3025 292 3062 -or
311 3001 358 3062 vel
377 3025 443 3078 -ur,
466 3023 540 3083 quae
555 3025 620 3066 cum
633 3004 696 3066 aliis
708 3016 819 3066 tantum
832 3006 944 3088 possint
955 3006 1100 3068 alternare
1119 3007 1149 3070 iu
1168 3035 1221 3070 -os
1272 2989 1274 3000 i

117 3098 166 3162 vel
185 3127 250 3178 -us,
271 3104 308 3164 de
329 3125 362 3165 ea
382 3125 553 3186 quoquere
573 3105 644 3187 quid
663 3104 848 3168 iudicandum
868 3107 916 3186 sit,
936 3107 994 3170 alio
1012 3107 1080 3172 loco
1098 3109 1222 3176 demon·
1269 3129 1272 3201 j

116 3201 279 3265 strabimus.
356 3231 360 3239 ·

168 3304 232 3384 (67)
258 3310 364 3378 Suggsb
377 3308 463 3371 T-II.
476 3309 574 3372 tabu
587 3331 617 3371 n.
625 3323 652 3373 3.
686 3393 688 3398 ,

166 3407 230 3487 (⁶8)
256 3413 350 3470 Prae.
363 3410 388 3471 1.
401 3433 431 3492 p.
440 3423 508 3474 553:
528 3413 669 3476 Etruscos
689 3434 785 3475 nonio
802 3413 1092 3480 litteram'lrabuisse.
1113 3409 1219 3481 Plio.

116 3514 155 3570 Η.
165 3516 202 3569 Ν.
211 3510 269 3586 ΙΠ,
282 3513 331 3571 '162
345 3510 456 3593 Oppidi
469 3514 633 3576 Tuscorum
646 3517 758 3594 Arriae,
770 3537 787 3578 a
800 3539 859 3599 quo
872 3505 1048 3582 Atrr'arr’cuni
1058 3539 1139 3580 mare
1152 3534 1220 3582 ante

116 3610 325 3693 adpellabatur,
344 3614 424 3694 quod
442 3636 520 3677 nunc
536 3619 730 3679 Adriaticum.
756 3621 866 3682 Varro
886 3626 921 3682 L.
934 3627 969 3684 t.
983 3633 1010 3698 5,
1024 3617 1055 3682 l:
1078 3626 1169 3682 Eidus
1182 3623 1219 3684 ab

118 3733 166 3789 eo,
187 3714 265 3794 quod
284 3715 375 3778 Tusci
392 3724 473 3794 Irus,
497 3719 544 3780 rel
562 3720 660 3802 potius
679 3722 758 3803 quod
777 3721 877 3783 Sabini
893 3729 985 3782 Erus
1005 3721 1113 3783 dicunt.
1145 3727 1218 3786 Ma-

118 3813 216 3894 erob.
230 3805 334 3897 Saul,
348 3830 392 3883 15.
417 3826 523 3880 Iduum
544 3843 653 3886 nomen
672 3845 689 3884 a
707 3823 824 3902 Tuscis,
852 3823 929 3920 apud
947 3844 1021 3903 quos
1038 3823 1062 3884 is
1083 3825 1144 3887 dies
1165 3833 1218 3885 Itis

39 3933 41 3942 ’
119 3928 248 3978 vocatur.
