2558 4314
584 35 641 124 88

62 228 194 330 linguis
205 229 369 331 reperiri,
380 242 422 303 ut
434 230 473 302 in
486 227 834 330 septentrionalibus
847 229 1068 312 Germaniae
1077 238 1169 342 (444),

62 377 131 428 nec
164 355 369 428 necessario
401 350 502 426 illam
535 355 768 428 coniunctam
798 354 909 431 fuisse
943 385 1028 434 cum
1059 365 1170 440 simili

61 475 249 550 Romanae
275 475 432 578 linguae.
473 473 547 550 Sed
574 475 619 551 ad
644 477 740 554 hanc
766 483 981 582 opinionem
1005 487 1169 563 refutan-

63 598 147 674 dam
177 599 373 691 sufficient,
408 615 516 703 puto,
548 627 649 703 quae
674 602 769 678 infra
797 605 1046 708 compluribus
1073 611 1174 688 locis.

56 721 279 827 exponenda
313 741 421 800 erunt
453 722 499 800 de
530 743 662 829 magno
692 745 732 802 et
756 729 951 834 multiplici
976 733 1166 812 ambarum

60 847 266 950 linguarum
291 875 484 924 consensu.

161 972 221 1048 De
241 976 451 1048 [annorum
476 945 684 1050 tabidarum
711 983 820 1079 signis
844 1004 937 1082 quae
959 939 1160 1075 adnotanda
1198 997 1200 1002 '

60 1094 243 1191 videntur,
271 1125 350 1173 non
375 1101 424 1173 ita
436 1099 563 1174 multa
590 1115 686 1191 sunt,
718 1127 834 1201 quum
855 1107 934 1206 ipsa
953 1104 1086 1182 Latina
1104 1106 1163 1180 lit-

60 1237 218 1297 teratura
245 1220 331 1298 inde
358 1249 378 1296 a
404 1221 531 1326 primis'
553 1225 780 1325 temporibus
794 1223 887 1324 (²⁴5),
918 1253 964 1302 ex
988 1258 1065 1332 qno
1080 1257 1167 1305 eam

60 1350 238 1434 novimus,
253 1350 417 1449 exiguam
427 1374 532 1451 passa
541 1351 587 1420 sit
597 1349 844 1432 mutationem,
858 1372 981 1449 neque
994 1352 1169 1429 differant

60 1495 297 1573 magnopere,
320 1499 414 1574 quae
433 1473 500 1544 sub
520 1468 801 1571 imperatoribus
820 1483 965 1570 etquae
978 1477 1018 1545 in
1030 1501 1165 1552 monu-

57 1590 190 1668 mentis
204 1593 421 1700 Scipionum
436 1597 628 1696 numisque
641 1591 702 1669 vel
716 1595 973 1695 antiquissimis
986 1594 1165 1674 Romanis

1 1743 2 1750 ¹
60 1734 202 1792 exarata
219 1717 331 1795 vides.
355 1721 516 1794 Litterae
535 1719 561 1809 l,
581 1745 630 1809 m,
650 1745 690 1817 p,
712 1746 736 1822 q
755 1716 855 1791 solae
872 1717 998 1819 paullo
1010 1717 1159 1795 diverso

59 1838 172 1914 modo
188 1859 317 1943 postea
333 1843 595 1919 scribebantur.
621 1842 772 1914 Maximi
785 1867 874 1918 vero
891 1841 966 1916 hac‘
977 1846 1067 1916 inre
1080 1870 1161 1916 mo-

56 1961 173 2040 menti
194 1981 278 2040 sunt
297 1969 554 2069 inscriptiones
574 1964 792 2069 Scipionum
814 1965 1047 2068 sepulcrales,
1073 1993 1166 2068 quas
1201 1958 1203 1962 ⁸

61 2115 171 2191 quam
195 2093 460 2167 accuratissime
487 2087 688 2172 delineatas
713 2119 734 2166 a
759 2090 912 2164 Franc.
928 2088 1164 2194 Piranesio

58 2215 167 2287 Eun.
189 2213 269 2308 Qu.
286 2213 544 2290 Viscontius
562 2213 642 2316 (²4⁶)
668 2212 872 2318 descripsit.
901 2216 958 2288 Ex
984 2214 1040 2288 his
1068 2219 1161 2290 anti·

60 2342 253 2438 quissimae
265 2339 308 2414 L.
320 2339 486 2416 Cornelii
496 2338 680 2442 Scipionis
690 2339 840 2412 Barbati
854 2340 969 2437 (cons.
978 2365 1008 2412 a.
1017 2366 1052 2412 ιι.
1062 2343 1161 2438 466.)

60 2477 97 2536 et
115 2461 161 2536 L.
183 2462 350 2538 Cornelii
372 2464 555 2566 Scipionis
579 2462 647 2536 filii
671 2463 820 2534 Barbati
843 2464 958 2561 (cons.
973 2489 1048 2536 au.
1062 2460 1161 2564 494.)

59 2591 247 2678 coeteris,
279 2613 434 2688 quarum
455 2590 593 2688 primae
619 2588 712 2658 circa
739 2611 773 2658 a.
791 2589 864 2658 680
888 2585 949 2662 vel
974 2590 1046 2661 600
1076 2591 1161 2662 scri-

57 2725 141 2813 ptae
168 2725 265 2801 sunt,
294 2709 467 2783 nonnihil
493 2707 670 2783 differunt
693 2725 773 2784 tum
798 2707 899 2812 quod
920 2709 966 2786 ad
985 2711 1156 2814 linguam,

57 2849 147 2908 tum¹
164 2831 265 2936 quod
292 2832 337 2909 ad
365 2835 568 2910 litterarum
592 2833 728 2908 formas
754 2839 896 2912 attinet.
944 2839 1157 2938 disignum,

60 2957 160 3061 quod
181 2976 309 3064 postea
331 2965 364 3036 Μ
387 2961 626 3052 scribebatur,
655 2956 701 3033 ad
724 2958 930 3061 Septimum
949 2986 1067 3062 usqne
1085 2984 1160 3034 sae·

59 3085 183 3158 culum
202 3084 314 3160 Urbis
341 3089 379 3158 in
404 3112 474 3159 usu
501 3084 583 3176 fuit,
615 3111 729 3186 quum
755 3087 794 3156 in
821 3084 991 3158 omnibus
1017 3082 1172 3188 Scipio.

109 3347 189 3428 (444)
215 3346 291 3408 Vide
310 3346 458 3410 GrImm.
475 3349 660 3429 Gr.1.p..65
677 3360 739 3412 121.
756 3353 817 3414 167,
831 3360 894 3412 305.

10 3479 12 3483 ⁷
74 3451 187 3532 (245)
213 3449 289 3510 Vide
307 3450 433 3512 tluell.
446 3457 512 3512 Etr.
526 3451 567 3512 11.
584 3463 718 3532 p..311

110 3553 190 3631 (246)
215 3557 395 3612 Monwnenti
411 3559 488 3624 degli
503 3558 632 3628 Scipioni
644 3559 785 3627 publicati
800 3561 852 3612 dol
867 3557 1056 3614 Ceranc.
1069 3555 1160 3610 Pira-

58 3660 128 3712 nen'.
148 3653 233 3716 Rom.
249 3664 327 3720 1785.
349 3654 401 3716 fot.
421 3653 613 3719 Subiunctae
631 3667 699 3718 sunt
717 3656 814 3718 denno
834 3654 889 3717 hae
909 3653 1069 3716 tabulae
1042 3673 1081 3732 er,
1099 3669 1159 3735 qu'o

1 3809 2 3828 ,
58 3765 127 3814 utor
139 3753 230 3814 libro:
247 3761 369 3816 Oratores
387 3763 507 3816 dt‘verser
520 3763 677 3816 Italiennes
691 3774 719 3816 et
735 3762 905 3832 Franpar‘ses
922 3761 1070 3816 d'Ennius
1088 3762 1160 3835 Qui-

1 3877 2 3928 3
58 3861 139 3914 rinus
156 3860 291 3938 Ῑζιὶιοοιιιί,
304 3865 447 3920 recuellslts
460 3875 488 3918 et
497 3865 623 3932 publices
632 3883 691 3933 par
703 3868 729 3920 le
738 3863 865 3926 Dorceus
877 3861 1073 3922 Jeantann.
1091 3859 1128 3920 T.
1135 3859 1158 3918 Ι.

1 3973 2 4025 ζ
58 3962 160 4017 Milan.
177 3963 254 4018 1827.
