2558 4314
648 25 696 108 11

126 217 273 293 tabulae
299 218 426 296 tertiae
450 213 582 288 Latine
613 214 759 312 scripta,
793 213 896 286 cuius
923 210 1131 312 exemplum
1158 210 1227 282 sibi

126 340 322 445 adquisivit
353 367 398 416 ex
427 337 582 414 Bembi
612 333 855 429 bibliotheca,
890 361 968 410 non
1000 361 1045 410 ex
1071 337 1148 437 ipsa
1173 349 1226 408 ta·

128 467 227 559 bula,
260 482 302 540 ut
327 463 476 554 docent,
507 485 600 561 quae
628 454 837 560 adscripsit:
875 451 1149 551 „Praecedcnti
1173 473 1227 532 ta-

94 677 100 690 ,
130 590 236 666 bulae
256 588 383 687 similis
404 602 442 661 et
460 588 541 674 ista,
576 607 670 686 quae
697 585 736 656 in
755 580 887 656 Bembi
905 581 1131 679 bibliotheca
1156 580 1228 656 Pa-

130 711 254 796 tavii.”
292 712 374 786 Nec
400 708 592 784 meliorem
616 705 747 780 barum
768 730 892 780 rerum
915 704 1044 782 habuit
1060 679 1229 783 riotitiam

127 835 354 914 P.Merula
371 838 411 908 in
424 829 711 933 Cosmograpbia
726 828 807 932 (²⁶),
828 834 904 922 imo
925 847 1032 931 auget
1051 857 1227 924 errorem,

128 962 220 1038 dum
239 958 366 1051 refert,
390 971 564 1032 unam'ex
581 955 716 1031 tabulis
734 955 938 1058 Eugubinis
956 954 1087 1030 litteris
1100 956 1229 1030 Etrus·

129 1090 196 1176 cis,
227 1098 363 1158 ceteras
388 1097 528 1185 septem
552 1080 692 1155 Latinis
718 1083 909 1183 inscriptas
935 1105 1026 1154 esse.
1072 1079 1231 1154 Exbibet

130 1203 268 1282 deinde
299 1210 440 1283 initium
467 1207 644 1280 Etruscae
674 1202 834 1298 tabidae,
869 1207 971 1282 cuius
1001 1203 1062 1281 vel
1092 1203 1231 1280 litteras

132 1331 313 1434 explicare
332 1328 467 1423 studet,
491 1326 656 1404 timidior
674 1344 810 1421 tamen,
835 1344 877 1403 ut
896 1334 974 1433 ipse
995 1327 1098 1406 dicit.
1134 1327 1230 1404 Sub-

130 1459 245 1560 iungit
269 1454 430 1560 denique
455 1458 599 1558 priores
624 1479 748 1530 versus
772 1452 925 1530 Latinae
948 1454 1110 1530 tabulae.

230 1581 309 1655 Iam
341 1581 498 1656 alterum
531 1577 577 1652 ad
608 1577 722 1652 finem
752 1580 925 1681 vergebat
948 1577 1152 1673 saeculum,
1187 1605 1232 1654 ex

128 1732 206 1810 quo
231 1705 379 1781 tabulae
404 1718 591 1805 repertae,
627 1718 665 1777 at
693 1727 804 1777 nemo
833 1700 921 1778 dum
945 1704 1151 1808 periculum
1177 1705 1231 1780 fe-

128 1846 231 1904 cerat
261 1833 371 1902 unius
403 1842 545 1901 tantum
575 1829 681 1903 verbi
714 1824 933 1931 explicandi.
982 1826 1095 1923 Quod
1125 1829 1231 1904 Ber·

131 1948 345 2026 nardinus
371 1948 537 2025 Baldus
568 1955 648 2027 aevi
680 1954 735 2024 sui
764 1949 948 2046 doctrina,
983 1969 1026 2028 ut
1055 1957 1134 2057 ipse
1161 1958 1229 2047 ait,

133 2071 325 2175 iudignum
347 2077 565 2167 existimans,
591 2077 751 2175 suscepit
768 2079 908 2178 primus
936 2081 1234 2171 „Dr'vritattbucm

131 2204 169 2272 in
197 2199 375 2274 Tabulam
399 2225 548 2272 cerream
573 2200 803 2293 Eugubinam
828 2199 948 2296 lritgtto
970 2204 1149 2276 Hctntsca
1166 2219 1233 2278 ve·

131 2327 201 2398 teri
217 2319 489 2424 perscr·1ptc1m,'’
524 2347 636 2425 quam
667 2318 712 2394 ad
744 2324 901 2396 amicum
930 2325 985 2400 M.
1001 2325 1234 2402 Velserum

129 2451 295 2538 missam,
331 2446 394 2521 ille
418 2446 604 2549 Augustae
629 2443 905 2522 Vindelicorum
931 2451 1075 2522 a.1613
1104 2447 1231 2527 edidit.
1259 2469 1264 2479 ·

62 2613 65 2616 ·
129 2571 334 2646 Praemisso
367 2571 565 2674 alphabeto
592 2572 749 2648 Etrusco
782 2571 975 2650 exhibetur
1000 2578 1079 2677 ipsa
1109 2573 1234 2650 tabula

129 2698 314 2787 Etruscis,
350 2693 484 2772 deinde
515 2696 656 2771 Latinis
686 2695 816 2772 litteris
840 2689 1095 2803 transscripta,
1132 2704 1233 2774 euius

68 2798 72 2826 ⁴
130 2824 275 2895 initium
302 2819 387 2892 cum
412 2822 490 2922 ipsa
515 2824 815 2924 interpretatione
834 2820 943 2896 Baldi
963 2821 1169 2902 adscribere
1188 2825 1232 2900 li-

131 2961 224 3037 ccat,
255 2943 471 3046 quo'lector
488 2946 566 3045 ipse
586 2948 704 3047 possit
721 2949 942 3049 perspicere,
971 2951 1074 3022 cuius
1094 2954 1234 3051 generis

133 3069 180 3139 sit
203 3067 294 3142 haec
320 3066 511 3145 divinatio.
554 3065 661 3161 Quae
685 3068 799 3170 bodie
824 3072 875 3144 sic
900 3070 1090 3172 leguntur:

185 3187 394 3268 Purturitu:
425 3209 591 3269 crarunt:
628 3191 823 3268 struhssas:
860 3192 1056 3272 eskamitu:
1092 3201 1231 3276 aveitu:

185 3313 352 3390 inumek:
377 3320 562 3392 tertiama:
588 3319 727 3420 spanti:
751 3320 852 3396 trita:
878 3320 988 3399 tefra:
1013 3323 1230 3428 prusekatu:

184 3435 302 3514 e‘ickx
330 3465 460 3542 supro:
524 3507 526 3512 .

135 3559 263 3638 eadem
288 3561 377 3664 legit
399 3561 555 3646 Baldus:

186 3845 248 3922 (²⁶)
275 3842 525 3930 cosmographiae
549 3848 681 3932 general.
706 3847 758 3910 tib·
777 3861 838 3911 tres
857 3860 914 3911 etc.
930 3851 1009 3908 1650.
1032 3847 1115 3908 P.11.
1131 3847 1182 3908 lib.
1191 3865 1233 3906 ιν.

136 3961 241 4006 carn.
