2558 4314
617 39 674 129 70

95 231 283 304 tinuerint.
330 226 584 304 Herodotus
601 230 683 330 (²⁰¹)
704 233 764 307 vel
782 233 905 327 tradit,
933 263 1087 340 prorsus
1108 248 1191 320 eius-

96 352 181 428 dem
205 353 347 426 litterae
373 350 681 430 dirersa'tantum
706 361 855 431 nomina
881 358 1008 455 fuisse,
1040 364 1096 440 his
1120 395 1192 444 rer-

94 479 170 552 bis:
199 469 236 550 ri
261 468 415 584 γράμμα,
443 471 481 553 ri
507 473 643 588 Δωριέες
668 475 724 570 μὲν
751 476 824 556 σὰν
851 459 1019 570 καλέουσι,
1038 479 1143 568 Ἴωνες
1166 489 1196 566 ii

95 597 343 691 cirtensem.
397 603 528 705 Itaque
561 607 673 706 sigma
701 622 738 680 et
763 633 828 682 san
855 633 1018 712 quoque,
1054 630 1097 689 ut
1121 633 1196 692 zeta

96 741 133 799 et
171 722 288 810 dsaiu,
328 743 485 830 propter
516 733 773 830 cognationem
807 759 981 806 sonorum
1011 738 1050 808 in
1082 765 1202 814 unum.

95 847 324 944 coaluerunt,
359 877 428 924 nee
458 845 567 926 valde
598 855 766 929 mirabile
797 854 955 952 videtur,
989 862 1018 933 si
1050 885 1090 934 ea
1114 865 1192 964 ipsa
1250 899 1251 908 κ

95 972 171 1048 duo
202 977 314 1076 signa,
352 999 446 1076 quae
479 1001 523 1048 ex
556 991 715 1076 quatuor
740 999 969 1082 supererant,
1003 1000 1192 1087 utrumque

95 1101 134 1171 in
164 1097 290 1172 locum
315 1098 463 1172 alterius
490 1093 631 1201 expulsi
657 1103 915 1200 migraverunt,
950 1135 1072 1213 neque
1102 1113 1198 1185 enim

96 1247 181 1296 casu
212 1221 308 1295 hane
344 1219 529 1325 duplicem
566 1227 891 1298 commutationem
909 1230 1058 1307 iactam
1090 1249 1195 1338 puto.

93 1347 182 1421 Duo
207 1348 317 1447 igitur
341 1345 422 1420 loca
449 1349 521 1420 iam
544 1373 658 1423 vacua
685 1361 787 1419 erant
812 1363 922 1448 atque
948 1367 1029 1427 tum
1054 1374 1198 1461 tempo-

94 1475 143 1544 ris
160 1468 320 1544 Romani
345 1469 582 1573 alphabetum
603 1483 834 1572 receperunt,
864 1497 980 1570 quum
1006 1462 1104 1578 apud
1130 1481 1203 1564 hos

95 1619 134 1668 se
152 1597 334 1696 excipiant
351 1594 494 1670 litterae
508 1623 546 1687 n,
557 1621 630 1688 ·,o,
650 1621 689 1694 p,
701 1621 776 1698 -,q.
810 1592 942 1668 Postea
961 1613 1083 1671 autem
1101 1627 1204 1679 nova

94 1721 373 1794 inveniebantur
398 1723 497 1822 signa
522 1720 620 1820 Eiet
644 1712 706 1811 tf,
742 1743 901 1821 quorum
925 1717 1031 1812 illud,
1065 1747 1198 1822 quum,
1252 1815 1253 1824 ἵ

94 1858 137 1915 ut
156 1846 240 1917 satis
265 1860 430 1947 apparet,
460 1859 635 1918 consueta
660 1843 743 1918 loca
768 1869 892 1916 rursus
918 1843 1202 1953 explere'valde
1249 1861 1253 1987 p

95 1964 319 2060 adamarent,
354 1972 450 2044 inter
482 1960 526 2041 vti·
549 1984 587 2043 et
616 1969 632 2040 ὃ
664 1962 775 2076 μικρὸν
805 1969 1051 2042 inserebatur:
1084 1966 1205 2042 modo

96 2117 143 2166 ne
177 2095 258 2195 quis
291 2092 400 2166 aliam
431 2095 528 2168 inter
559 2092 655 2168 hane
686 2093 847 2168 litteram
875 2108 916 2166 et
945 2091 1045 2166 hune
1076 2089 1206 2166 locum

96 2219 300 2320 suspicetur
336 2217 636 2293 coniunctionem
668 2215 777 2316 (²⁰²).5
827 2215 991 2290 Romani
1028 2212 1199 2317 quidem,

98 2361 213 2443 quum
239 2341 318 2416 aliis
344 2359 536 2417 uterentur
556 2340 805 2417 numeralibus
831 2343 954 2440 signis,
983 2365 1090 2412 suurn
1115 2340 1199 2416 huic

95 2463 238 2539 litterae
266 2469 305 2538 in
330 2467 405 2541 fine
431 2452 619 2568 alphabeti
644 2463 768 2537 losum
793 2465 1016 2537 tribuerunt.
1062 2463 1204 2540 Verum
1253 2439 1254 2510 l

95 2605 182 2689 post
199 2593 244 2660 ri
260 2589 433 2678 litteram,
462 2592 527 2662 ubi
548 2605 626 2662 zeta
654 2584 841 2691 quondam
867 2587 992 2661 locum
1017 2604 1203 2681 tenuerat,

96 2737 285 2814 nunquam
317 2713 387 2785 alia
416 2715 551 2788 inserta
582 2728 637 2788 est
666 2711 800 2804 littera,
837 2715 1001 2815 quamvis
1034 2740 1108 2786 non
1134 2715 1205 2786 ab·
1252 2773 1254 2784 Α

96 2857 238 2910 sonum
259 2834 458 2929 rideretur,
492 2840 522 2911 si
553 2853 595 2912 ut
622 2863 734 2940 supra
758 2833 813 2939 ’ξῑ
847 2837 907 2910 hie
938 2830 993 2926 tbi
1013 2851 1205 2912 numerata

97 2978 204 3035 esset.
240 2959 377 3039 avaro
399 2966 554 3065 signum,
584 2989 651 3036 suo
672 2961 759 3036 loco
779 2958 986 3063 depulsum,
1016 2966 1112 3047 inter
1132 2987 1204 3036 no·

96 3100 151 3158 tas
176 3087 382 3161 numerales
407 3103 494 3189 post
520 3116 544 3159 ω
570 3074 703 3189 posita,
735 3089 807 3159 900
834 3075 1024 3186 significat.

198 3209 338 3296 Restat,
366 3227 408 3284 ut
432 3191 673 3314 inquiramus,
702 3236 749 3283 an
774 3211 965 3310 vestigium
994 3209 1146 3313 quidem
1167 3215 1209 3284 in

98 3331 239 3408 Graeca
273 3334 503 3410 litteraturas
514 3332 617 3409 deain
639 3334 791 3458 'litterae
825 3336 1046 3435 reperiatur,
1087 3361 1210 3434 quum

148 3555 229 3636 (²⁰¹)
254 3553 308 3616 tn
322 3565 417 3623 arse.
433 3554 475 3617 ef.
488 3551 648 3617 saecli.
660 3557 745 3616 nte.
758 3549 800 3616 ΙΙ.
813 3561 914 3636 pest.
935 3561 996 3616 nt.
1010 3561 1091 3612 aas.

148 3657 229 3736 (2⁰²)
253 3657 494 3720 Buttmaunns
510 3662 562 3718 Gr.
576 3655 627 3733 Grl.
641 3665 711 3717 mat.
725 3657 809 3719 T.11.
828 3663 927 3739 pstfi.
948 3668 978 3716 et
995 3651 1122 3716 Muell.
1137 3661 1210 3716 Etr.

98 3759 137 3818 11.
150 3779 179 3838 p.
188 3769 252 3820 308.
266 3781 296 3820 n.
306 3767 349 3828 79.
369 3759 400 3821 iu
413 3779 450 3820 eo
464 3757 647 3836 dissentiunt,
665 3760 746 3840 quod
765 3757 845 3820 dsain
864 3757 1068 3819 Hebraeorum
1087 3757 1122 3819 ad
1141 3757 1210 3819 ior-

96 3879 172 3920 mam
191 3859 310 3946 quidem
328 3877 544 3948 recognoscere
558 3859 617 3922 sibi
629 3861 768 3923 ridemur
779 3861 810 3920 iu
822 3849 848 3949 ξ
857 3859 954 3943 siguo,
975 3861 1027 3922 reti
1042 3858 1209 3922 Boeckh.

99 3965 181 4022 Seth.
195 3960 231 4024 T.
240 3962 278 4023 Π,
293 3986 322 4045 p.
330 3970 393 4027 386.
408 3983 491 4026 secus
505 3974 586 4025 certe
597 3957 724 4046 intelligi
736 3959 841 4038 veluit,
861 3979 948 4042 quam
964 3964 1028 4056 aliis
1043 3963 1137 4028 ritum
1149 3973 1210 4022 est.
