2558 4314
79 207 190 282 quam
223 199 263 260 ut
292 187 331 260 in
360 183 435 260 hoc
467 192 571 290 quasi
599 196 806 294 patrocinio
825 195 1058 288 Graecarum
1075 189 1184 286 'litte-

77 329 199 379 rarum
229 306 297 380 alia
329 334 494 412 quoque,
530 341 624 416 quae
656 334 823 396 externae
854 321 977 400 Latini
1003 340 1184 412 sermonis

77 434 213 532 speciei
237 431 343 506 facile
369 439 487 538 aptari
511 454 703 540 poterant,
737 445 782 518 ab
809 445 881 521 illis
906 455 1186 554 reciperentur?

77 553 253 648 Quamvis
283 559 394 658 igitur
425 585 497 662 pro
529 578 630 637 certo
665 591 744 640 non
776 573 891 646 ausim
922 573 1123 674 affirmare,
1161 613 1187 658 o

75 679 234 767 litteram
258 679 411 758 Latinos
443 681 489 758 de
521 686 664 762 Graeca
696 687 845 768 demum
876 705 1184 800 pronuntiatione

74 800 266 881 adscivisse
293 823 329 882 et
346 810 473 909 primis
491 814 721 913 temporibus
742 814 787 890 ad
808 846 950 896 morem
971 837 1179 905 ceterorum

71 927 200 1004 Italiae
230 931 458 1032 populorum
489 959 515 1006 ιι
545 950 689 1022 tantum
713 942 881 1018 vocalem
906 954 1169 1050 pronuntiasse:

72 1051 110 1126 id
144 1046 294 1156 quidem
326 1071 497 1158 apparet,
538 1059 657 1136 multo
691 1062 984 1167 frequentiorem
1015 1067 1175 1151 brisseu

71 1177 214 1264 litterae
243 1205 351 1252 usum
381 1182 420 1256 in
445 1179 624 1277 Romana,
661 1213 771 1288 quam
803 1193 842 1263 in
859 1192 1011 1271 Graeca
1037 1198 1174 1301 lingua.

71 1300 226 1405 Propria
255 1305 368 1376 enim
386 1301 437 1378 et'·
452 1309 581 1380 usitata
612 1313 820 1387 terminatio
853 1317 1035 1394 secundae
1061 1321 1179 1396 decli-

70 1430 233 1532 nationis¹
259 1427 330 1502 fuit
363 1454 441 1521 -us,
471 1457 548 1502 -um
576 1433 635 1530 (os,
660 1436 729 1534 ov),
764 1463 846 1539 gen.
862 1438 917 1540 pl.
949 1447 1173 1544 -ttm·(·uv),

68 1551 251 1654 permulta
281 1550 476 1646 vocabula,
509 1570 551 1628 ut
588 1557 756 1658 Ulysses,
771 1657 775 1662 Δ
790 1589 954 1662 amurca,
987 1591 1169 1665 purpurat,

70 1703 198 1777 uncus,
227 1677 275 1752 al.
303 1680 343 1752 in
367 1675 509 1780 Graeca
533 1678 656 1782 lingua
682 1709 766 1792 cum
791 1712 813 1758 o
836 1689 1170 1789 pronuntiabantur

66 1973 126 2052 tur,
145 1974 274 2056 itemque
292 1965 386 2040 adhuc
404 1999 420 2042 a
440 1977 589 2043 Cicerone
606 1982 638 2044 in
654 1979 738 2046 Arati
757 1985 903 2064 versione,
924 1984 1052 2067 quamvis
1070 1998 1172 2068 postea

66 2063 172 2158 (Orat.
186 2079 265 2142 ΜΒ.
278 2073 469 2164 ἓ.161.)’ῐρεε
482 2083 563 2162 dicit,
582 2085 638 2148 iam
655 2086 850 2164 subrusticum
866 2089 971 2166 videri,
990 2088 1062 2150 olim
1074 2093 1170 2150 autem
1204 2137 1208 2143 .

65 2181 186 2262 politius
198 2181 252 2262 (cf.
265 2183 472 2247 Schneider
487 2191 540 2256 Gr.
551 2191 586 2249 L.
599 2190 660 2266 1,1.
678 2194 808 2275 psit).
835 2191 1006 2254 Catullus
1020 2191 1112 2274 igitur
1123 2211 1170 2253 se·
1262 2224 1263 2231 κ

65 2282 125 2356 mel
141 2296 253 2356 tantum
271 2285 399 2348 adhibet.
433 2289 538 2350 Sermo
556 2309 629 2354 vero
649 2291 774 2354 rusticus
788 2293 924 2367 retinuit,
945 2304 978 2351 ut
989 2292 1171 2372 posteriores

65 2373 265 2447 demonstrant
276 2388 481 2469 inscriptiones
494 2388 548 2468 (cf.
563 2389 696 2450 Struve
709 2394 756 2446 De
768 2396 867 2448 Latin.
881 2395 993 2449 Declrn.
1007 2407 1035 2450 et
1048 2399 1169 2466 Coniog.
1255 2456 1261 2487 r

63 2473 93 2568 p.
103 2496 148 2552 27.
170 2487 341 2548 Schneid.
351 2489 376 2564 1,
392 2500 417 2548 t.
430 2512 460 2568 p.
470 2489 559 2565 551.).
592 2489 640 2547 De
659 2487 776 2568 syllabis
788 2488 921 2550 finalibus
934 2489 964 2550 in
980 2492 1091 2555 verbis:
1113 2519 1169 2570 po-

59 2596 165 2664 pulus,
180 2595 355 2663 periculum,
375 2585 412 2647 al.
431 2609 487 2670 pro
507 2586 727 2650 vetustioribus:
748 2599 868 2668 popius,
884 2600 1040 2671 periclum,
1061 2596 1168 2677 qulbus

62 2687 157 2751 adbuc
170 2688 324 2750 Plautus
340 2686 407 2750 usus
426 2701 480 2768 est,
500 2701 530 2750 et
548 2691 588 2772 de
599 2689 702 2752 formis
713 2699 874 2771 vehemens,
890 2703 1034 2769 prehendo
1047 2720 1102 2779 pro
1115 2723 1166 2758 ve-

62 2815 156 2868 mens,
171 2800 280 2866 prendo
298 2790 366 2854 vida
384 2791 442 2858 alio
461 2792 541 2854 loco.
571 2791 720 2877 Augustus
738 2795 825 2858 etiam
844 2804 970 2858 calidum
987 2799 1090 2862 dicere
1108 2821 1162 2881 pro

63 2903 178 2956 caldum
199 2895 334 2966 odiosum
358 2894 504 2996 iudicabat
528 2907 558 2956 et
576 2889 731 2982 περίεργον,
753 2881 975 2974 testeQuintil.
987 2902 1084 2964 Instit.
1096 2904 1120 2977 I,
1133 2907 1162 2964 6.

62 2998 175 3061 Tamen
193 3011 294 3080 postea
311 2997 401 3082 magis
419 2996 578 3074 increbuit,
598 2999 650 3059 sed
662 3009 749 3059 calda
765 3026 843 3078 aqua
859 2993 1001 3087 (θέρμων)
1015 3002 1164 3065 retineba-

61 3113 120 3162 tur.
146 3100 214 3162 Vid.
236 3100 453 3164 Forcellini.
486 3100 642 3163 Genitivus
655 3123 697 3186 sg.
717 3109 763 3162 -r'i
778 3123 869 3183 usque
881 3103 916 3164 ad
928 3103 1092 3189 Augustum
1108 3106 1165 3167 fuit

23 3197 28 3201 ’
60 3208 107 3275 -1’3
130 3199 248 3281 quintae
269 3202 470 3264 declinationis
489 3203 652 3287 genitivum
673 3216 703 3264 ct
723 3205 850 3266 dativum
870 3227 965 3268 casum
990 3207 1062 3270 olim
1082 3207 1165 3270 dixe·

28 3299 32 3303 ⁴
60 3315 143 3366 runt:
160 3309 216 3379 die,
235 3316 266 3364 et
283 3305 377 3366 adhuc
392 3304 499 3366 Caesar
515 3306 547 3366 in
558 3305 691 3390 genitivo
705 3307 824 3390 quidem
835 3307 971 3388 probavit
988 3335 1024 3370 -e
1041 3332 1096 3393 pro
1116 3319 1166 3371 -εἰ

61 3404 296 3488 (Schneidll.
309 3427 339 3486 p.
346 3405 426 3485 355.)
450 3407 495 3468 Ita
507 3407 652 3469 secundae
665 3408 866 3470 declinationis
877 3411 1022 3494 genitivus
1033 3413 1074 3494 pl.
1089 3412 1163 3476 olim

60 3507 196 3572 omnibus
208 3506 239 3568 in
252 3505 402 3596 vocabulis
420 3534 490 3568 -um
507 3509 696 3588 formabatur,
716 3523 818 3592 postea
836 3512 899 3574 lere
916 3513 1025 3594 ubique
1042 3537 1162 3590 -orum3

60 3611 154 3672 sedin
173 3609 260 3672 certis
272 3607 444 3689 quibusdam
454 3609 564 3672 usitatis
575 3611 673 3674 verbis
687 3611 797 3676 Cicero
809 3615 904 3676 adhuc
917 3616 1046 3692 retinuit,
1064 3616 1161 3698 deque

59 3711 110 3787 iis,
133 3712 183 3791 qui
202 3731 284 3774 secus
302 3710 700 3793 lacerent(0rat.l6.155.)
720 3715 804 3776 dixit:
827 3715 883 3791 „A
902 3715 1071 3795 quibusdam
1091 3740 1159 3782 sero

59 3811 116 3874 iam
135 3814 305 3888 emendatur
322 3811 502 3901 antiquitati’
532 3813 607 3875 Inde
618 3815 692 3878 'satia
709 3815 878 3894 elucebunt,
897 3819 970 3897 quae
990 3815 1166 3884 te'Latine‘

60 3912 270 3997 linguaequasi
281 3915 399 3978 inverso
414 3936 500 3978 cursu
514 3913 581 3976 dixi.
