2558 4314
614 43 672 130 99

93 262 206 348 atque
225 234 479 316 antecedentia
501 234 630 325 latera,
659 257 782 336 neque
808 237 847 307 in
867 223 1127 308 Umbricarum
1146 249 1199 308 ta·

92 369 265 444 bularum
294 379 435 467 quarta,
472 384 566 464 quae
599 385 643 468 ex
674 374 802 432 nostro
830 355 960 433 ordine
986 361 1104 462 prima
1131 375 1198 449 est,

93 493 245 584 habent,
279 491 413 594 quibus
444 480 706 588 respondeant.
759 480 931 574 Accedit,
968 479 1070 588 quod
1102 482 1208 592 Lan-¹

96 620 172 691 zius
194 613 291 716 (2⁶¹⁴),
329 614 394 716 qui
425 609 534 682 huius
563 607 686 682 lateris
710 609 829 710 prima
853 607 980 700 verba,
1015 608 1135 711 qualia
1163 610 1202 680 in

97 746 173 846 ipsa
202 737 329 817 tabula
361 735 646 835 conspiciantur,
682 733 970 834 repraesentavit
994 730 1091 832 (²⁶⁵),
1125 758 1201 806 ma·

93 893 202 969 gnam
219 867 408 962 signorum
425 851 701 930 similitudinem
724 856 936 932 observasse
961 857 1032 928 sibi
1056 853 1203 933 videtur

94 1018 180 1064 cum
196 984 313 1060 titulis
337 997 662 1058 monumentorum
679 976 896 1082 Scipionum
922 1007 1000 1084 non
1025 983 1201 1084 antiquis·

94 1113 209 1200 simis,
240 1122 350 1209 atque
369 1105 464 1180 hanc
490 1103 540 1180 ob
567 1131 731 1178 caussam
756 1132 828 1178 non
846 1106 939 1178 ultra
956 1107 1141 1207 septimum
1157 1109 1202 1179 ab

8 1243 14 1248 ’
100 1237 198 1312 Urbe
217 1232 356 1305 condita
376 1231 558 1304 mamalum
578 1230 644 1303 bos
667 1255 795 1302 versus
820 1233 944 1331 reponi
960 1257 1066 1332 posse
1091 1227 1200 1303 adfir-
1231 1211 1235 1224 ’

94 1375 184 1434 mat
227 1337 403 1432 Omnium
419 1371 544 1430 tamen
561 1356 829 1427 recentissimam
847 1370 985 1454 partem
1006 1382 1084 1428 aaut
1107 1381 1198 1452 essa,

93 1512 189 1590 quac
207 1484 343 1556 [atritis
360 1483 525 1554 littem's'
507 1508 544 1553 m
572 1479 712 1552 tabulae
735 1479 838 1580 apud
857 1479 1106 1579 Dempsterum
1132 1495 1201 1552 tar·

94 1615 165 1684 tute
190 1613 326 1710 postica
350 1584 554 1700 exhibetur,
589 1618 742 1708 apparet
773 1627 851 1676 non
876 1616 1019 1677 tantum
1044 1629 1088 1677 ex
1115 1606 1200 1676 seri-

92 1751 224 1839 pturae
242 1732 380 1803 maiore
404 1727 582 1828 elegantia
600 1727 706 1827 (²⁶⁶),
727 1724 791 1801 sed
817 1713 928 1800 etiam
954 1753 998 1800 ex
1016 1729 1120 1829 signo
1139 1725 1200 1800 lit-

92 1875 194 1930 terae
212 1881 249 1956 q,
280 1847 381 1954 quod
398 1851 538 1952 ubique
563 1853 734 1924 scribitur
759 1857 833 1944 0-,
863 1855 1023 1953 exceptis
1044 1851 1101 1924 his
1118 1878 1200 1927 ver·

95 1980 209 2068 sibus,
242 1978 281 2049 in
308 1975 441 2080 quibus
467 1979 651 2052 recentior
675 1974 795 2052 forma
822 1980 852 2072 Q
880 1973 1086 2052 exhibetur.
1140 1973 1200 2049 Ad

94 2118 240 2208 tempus
257 2103 379 2203 igitur,
405 2125 481 2206 quo
499 2102 654 2206 scriptae
671 2095 877 2198 videantur,
904 2103 954 2173 ita
972 2098 1200 2202 disponimus

93 2227 226 2302 Latine
244 2227 394 2328 scriptas
411 2224 567 2316 tabulas,
595 2241 638 2298 ut
654 2229 922 2326 praemittamus
947 2242 1074 2298 sextae
1101 2229 1200 2301 tubu-

93 2354 152 2424 lae
168 2355 354 2453 postr'cam,
377 2333 601 2423 subiciamus
618 2354 787 2447 anticam,
816 2350 944 2422 demde
961 2353 1201 2449 sepumaeau·

95 2479 213 2574 mam,
250 2493 325 2548 tum
353 2480 539 2575 posticam,
572 2491 748 2576 postremo
779 2475 855 2547 loco
887 2478 1008 2548 terame
1042 2475 1197 2570 tabulae,

21 2691 23 2700 Α
96 2624 191 2703 quae
222 2596 268 2670 ad
300 2616 468 2673 nostrum
494 2596 663 2674 ordinem
692 2602 817 2702 quinta
845 2614 912 2692 est,
942 2602 1124 2700 posticam,
1161 2601 1200 2670 in

94 2749 168 2828 qua
196 2747 310 2825 quum
328 2716 496 2796 Umbrioi
515 2722 714 2826 Latinique
738 2716 863 2800 versus
888 2751 966 2798 non
991 2703 1087 2800 bene
1112 2750 1198 2826 pos-

95 2852 166 2922 sint
183 2844 318 2938 dirimi,
346 2861 557 2947 temporum
573 2850 755 2920 rationem
772 2854 810 2922 in
836 2873 877 2921 ea
904 2873 944 2921 re
970 2852 1198 2952 praetermitss

94 2985 227 3061 tentes,
255 2986 342 3074 post
358 2973 459 3073 ipsos
476 2968 561 3042 illos
578 2969 754 3045 Umbrioe
774 2975 929 3073 scriptos
955 2997 1079 3048 versus
1103 2971 1200 3046 banc

94 3097 378 3174 recentissimam
389 3093 600 3170 tabularum
611 3111 756 3198 partem
771 3111 900 3200 postea
917 3098 1198 3178 numerabimus.

97 3253 297 3270 -ur--d—u—-u-

145 3345 211 3427 (ΖΗ
252 3345 442 3418 Saggio'RI.
434 3369 485 3430 ..p
477 3359 557 3417 ,159.

144 3449 227 3531 (²⁶⁵)
251 3446 533 3517 Twlubnnn.
670 3503 674 3526 ς
983 3483 986 3490 ·

145 3551 224 3632 (266)
249 3550 356 3616 Lana.
370 3553 528 3628 Saggab'l'.
536 3553 562 3618 Ι,
554 3575 605 3640 ..p
596 3564 682 3622 ..285
701 3556 816 3628 ‘Lapat
833 3561 887 3616 den
905 3560 1009 3614 scritta
1026 3560 1152 3618 blant·
1172 3562 1202 3621 si

98 3659 467 3724 necaarauen'errusmi,
490 3663 580 3716 sine
585 3663 862 3732 ’ροοὴίὶαιίηἰ,
880 3664 1147 3734 chesieguonoe
1167 3666 1198 3717 Ia

98 3769 140 3813 cur
137 3752 248 3832 forma
260 3765 275 3816 ὲ
288 3761 420 3827 rotanda,
434 3765 565 3829 drktinea,
578 3767 812 3836 eparagonabr'lc
824 3770 853 3821 α’
866 3767 993 3833 miglrbn'
1003 3769 1053 3821 che
1065 3764 1196 3821 abbiamo

96 3865 170 3922 della
182 3863 320 3922 Romano
329 3863 482 3939 republica.
501 3862 539 3931 es.
553 3863 654 3926 TleI.
668 3885 697 3948 p.
705 3863 769 3930 681,
1050 3865 1052 3870 ’

560 3993 564 4005 ·
690 3991 697 4016 r

691 3968 732 4004 ··
822 3978 1126 4078 ’181-
