2558 4314
578 15 631 101 10

54 202 211 280 absolvit
226 202 512 306 Inscriptiouum
528 203 772 307 Antiquarum
789 207 926 286 librum
939 210 1018 310 (²⁵),
1042 238 1152 314 quem

52 342 265 430 postumum
291 325 406 404 edidit
428 328 461 403 I.
476 328 655 433 Lipsius
677 355 709 404 a.
725 335 836 407 1688.
876 332 1056 410 In'huius
1081 337 1149 411 sol.

52 477 206 530 mun.
219 455 250 526 b.
275 451 369 526 haec
391 443 526 556 scripta
551 454 742 556 legtmtur:

157 577 352 679 „Eugubii
376 581 416 652 in
434 577 589 654 Umbria
613 594 780 683 repertae
804 577 953 654 fuerunt
977 596 1061 655 ante
1084 558 1150 658 ali·

50 716 145 802 quot
165 727 280 776 annos
299 702 446 778 tabulae
466 720 542 776 octo
561 728 714 796 aeneae;
739 729 893 805 quarum
909 731 982 778 una
1001 703 1146 799 litteris,

49 840 92 899 ut
117 822 274 920 videm,
310 826 460 904 Graecis
484 829 649 920 inversis,
684 827 896 938 linguaque,
932 844 974 903 ut
998 826 1147 931 quidem
1275 845 1276 858 ¹

50 965 257 1042 autumant,
291 950 457 1028 Aeolica.
503 951 666 1053 reliquae
691 977 801 1044 vero,
836 953 966 1028 litteris
999 951 1147 1056 quidem

48 1074 208 1181 Latinis,
244 1072 307 1150 sed
337 1075 478 1176 lingua,
514 1091 557 1150 ut
585 1091 753 1179 putatur,
789 1076 968 1152 Hetrusca
995 1081 1147 1180 scriptae
1276 1181 1277 1186 Ἰ

49 1215 147 1274 sunt.
187 1197 327 1274 Prioris
352 1199 562 1304 exemplum
586 1199 660 1276 hoo
685 1198 796 1283 est.'’,
819 1197 1002 1276 Adiicitur
1024 1201 1149 1277 tabula
1276 1249 1277 1258 κ

51 1321 149 1426 apud
163 1323 425 1426 Dempsterum
443 1327 575 1428 prima,
603 1325 765 1398 Etruscis
785 1321 849 1398 sed
868 1327 911 1398 iis
936 1323 1150 1401 rudioribus

49 1447 178 1522 litteris
212 1465 366 1524 exarata.
418 1446 567 1525 Deinde
601 1451 837 1551 subsequitur
867 1451 986 1551 prima
1016 1449 1148 1524 Latina

49 1562 192 1665 tabida,
228 1598 344 1675 eaque
369 1563 521 1666 re‘ctius,
559 1601 669 1677 quam
697 1601 717 1648 a
742 1573 929 1649 Bonarota
956 1570 1142 1676 disposita,

49 1697 106 1771 his
138 1722 247 1800 supra
279 1701 422 1801 scriptis
457 1699 596 1775 verbis:
645 1698 839 1790 „Tabulas
877 1697 985 1772 hasce
1019 1697 1144 1771 ambas

47 1821 270 1896 Iohannes
290 1821 503 1898 Metellus
527 1819 747 1924 Burgundus
771 1819 864 1898 vidit
884 1839 922 1898 et
942 1823 1142 1923 exscripsit,

49 1973 139 2049 quas
162 1949 229 2020 etsi
250 1971 360 2020 nemo
380 1945 490 2049 plane
510 1946 692 2050 intelligit,
723 1950 808 2048 quia
827 1963 952 2023 tamen
971 1944 1146 2022 derebus

48 2074 156 2147 sacris
182 2095 286 2172 agere
313 2067 463 2173 quidem
488 2068 735 2164 crediderunt,
764 2068 850 2147 ideo
875 2071 950 2146 hoc
971 2072 1058 2146 loco
1076 2096 1145 2173 po·

47 2192 185 2272 nendas
217 2219 295 2270 esse
322 2194 562 2274 existimavi.'’
603 2193 705 2290 Quas
730 2222 751 2270 a
775 2191 1065 2296 Dempste'rianis
1090 2191 1145 2267 di-

47 2346 167 2397 versas
202 2318 351 2394 exhibet
384 2319 583 2411 lectiones,
623 2318 823 2420 pleraeque
859 2316 998 2389 nullam
1031 2313 1145 2386 fidem

45 2445 197 2520 habent.

148 2569 226 2641 Hae
260 2562 353 2638 duae
387 2563 552 2637 omnium
577 2563 722 2664 primae
753 2562 793 2634 in
821 2558 1016 2634 Germania
1043 2559 1143 2635 evul-

46 2707 148 2795 gatae
177 2686 325 2765 tabulae
356 2712 425 2791 per
455 2684 640 2762 saeculum
672 2687 853 2787 integrum
885 2701 922 2761 et
953 2682 1144 2774 dimidium

20 2816 146 2892 'solae
186 2814 263 2888 fere
306 2814 563 2903 innotuerim,
604 2807 812 2912 usquedum
850 2810 896 2885 ad
933 2811 1144 2914 Dempsteri

44 2943 228 3016 Etruriam
258 2936 433 3038 Regalem
464 2949 606 3040 pateret
637 2933 769 3009 aditus.
811 2935 974 3038 Repetiit
999 2931 1144 3008 easdem

45 3065 187 3140 tabulas
209 3090 293 3137 eum
314 3059 442 3137 eadem
460 3057 590 3136 Smetii
609 3055 845 3134 adnotatione
865 3058 1083 3134 Gruterus
1105 3061 1144 3132 in
1186 3153 1189 3171 ι

47 3214 160 3293 opere
186 3213 252 3260 suo
279 3214 309 3260 a.
328 3187 419 3259 16'01
446 3189 607 3290 primum
629 3180 749 3260 edito:
778 3187 1028 3283 Inscriptroner
1051 3188 1144 3256 anti·

45 3341 139 3418 quae
165 3327 226 3385 tot.
245 3314 318 3383 orb.
334 3313 439 3384 Rom.
468 3316 505 3384 in
530 3335 656 3408 corpus
679 3307 790 3382 absol.
818 3308 982 3381 reductae
1007 3309 1143 3408 tagenio

45 3466 89 3511 ae
107 3431 195 3510 curu
213 3437 238 3509 I
241 3487 250 3507 .
266 3436 425 3530 Gruteri,
453 3439 590 3535 auspt'c.
606 3436 644 3508 I.
663 3432 837 3530 Scaligeri
851 3459 895 3505 ac
913 3433 971 3506 M.
988 3412 1141 3508 Velseri.'

45 3558 195 3636 Votll.
210 3585 250 3661 p.
261 3580 373 3642 erun.
403 3554 643 3660 Subiungitur
661 3573 784 3632 tamen
801 3582 841 3660 p.
853 3582 956 3633 cxtv.
976 3580 1059 3659 pars
1079 3551 1143 3626 illa

97 3835 161 3916 (25)
185 3837 412 3922 inscriptionum
424 3833 617 3916 Antiquarum
630 3855 704 3916 quae
717 3837 819 3919 passim
832 3856 886 3918 per
898 3835 1045 3915 Europam
1057 3833 1143 3896 liber.
1234 3855 1238 3866 ’

47 3934 178 4000 Accessit
196 3937 366 4002 Auctarium
383 3961 401 4001 a
419 3941 444 4002 l.
456 3936 593 4020 Lipsio.
618 3937 714 4022 bugd.
727 3941 828 4001 Batav.
