2558 4314
581 11 664 150 '34

150 261 153 266 .
186 199 245 274 Ad
274 197 410 274 medias
434 199 573 276 litteras
601 201 703 306 prod
730 210 878 300 attinet,
914 215 1001 286 satis
1025 229 1180 308 constat,

84 326 257 400 Etruscos
288 349 348 398 eas
379 349 458 398 non
488 323 673 400 babuisse.
713 328 903 406 Umbrica
929 359 1080 437 quoque
1107 326 1182 413 mi).

83 449 255 524 numenta
280 441 444 523 Etruscis
469 449 599 524 litteris
629 454 804 556 inscripta
826 456 858 528 d.
879 472 917 532 et
937 485 969 556 g
988 485 1182 562 nusquam,
1257 517 1258 556 ,

81 575 273 648 bnonnisi
299 599 382 646 raro
410 573 602 666 exhibent,
637 575 749 651 etita
776 577 944 680 quidem,
976 598 1019 658 ut
1044 584 1106 659 vel
1130 585 1185 662 his
1257 573 1258 590 ¹

81 701 206 802 paucis
235 701 273 771 in
303 699 425 773 r'erbis
457 696 657 774 interdurnx
675 701 832 778 alternet
856 731 940 812 cum
963 705 1082 808 p(⁷²)‚
1117 737 1187 804 neq

79 847 194 925 patrea
226 825 300 896 sint
328 825 453 915 verba,
489 847 584 923 quae
615 827 654 896 in
679 823 822 903 Latinis
846 831 982 928 tabulis
1007 835 1028 905 b
1054 831 1181 910 admit-

79 963 171 1040 tant,
197 945 367 1023 nondum
392 949 430 1018 in
456 947 618 1021 Etruscis
643 949 723 1048 (⁷³).
971 1015 973 1020 Α
1053 1013 1056 1022 ,
1147 988 1149 1004 =
1256 949 1258 990 ¹

179 1069 226 1146 In
252 1068 348 1144 Osca
382 1096 534 1173 quoque
565 1071 765 1148 litteratura
789 1082 975 1178 reperitrn
999 1084 1026 1154 8
1046 1083 1112 1180 (b),
1142 1099 1180 1156 et

78 1195 211 1270 Latine
232 1197 368 1296 scripta
390 1192 574 1270 Oscorum
598 1177 835 1270 monumenta
862 1201 1053 1278 abundant
1076 1209 1184 1279 etiam

77 1321 107 1392 d
132 1318 254 1392 littera
287 1322 366 1420 (D),
403 1323 505 1394 cuius
538 1323 679 1422 signum
705 1323 888 1394 inversum
916 1328 962 1420 ((1
987 1326 1049 1400 vel
1074 1327 1119 1424 (1)
1146 1333 1185 1402 in

78 1447 340 1517 monumentis·
359 1440 456 1518 Osce
488 1448 649 1546 scriptis,
685 1458 727 1515 ut
756 1440 855 1544 apud
886 1445 1065 1520 Etruscos
1090 1450 1183 1525 Um..

78 1569 254 1668 brosque,
283 1593 362 1642 non
381 1567 490 1642 dsed
508 1595 529 1640 r
545 1568 703 1642 litteram
722 1563 937 1668 significare,
960 1583 1091 1641 notum
1109 1591 1178 1646 est.
1249 1661 1250 1665 Ἴ

76 1689 296 1794 Respondet
317 1707 439 1766 autem
464 1695 503 1765 in
528 1691 598 1764 illis
624 1693 869 1782 monumentis
890 1693 918 1763 d
941 1691 1083 1766 litterae
1106 1697 1177 1794 sig-

75 1843 165 1890 num
198 1821 240 1908 ii,
276 1833 318 1891 ut
348 1817 443 1890 infra
474 1813 824 1908 demonstrabimus,
862 1813 963 1917 qciod
997 1842 1110 1917 quum
1137 1820 1177 1890 in

75 1937 242 2014 Romana
267 1940 466 2016 litteratura
492 1939 652 2014 litteram
679 1944 847 2014 caninam
871 1943 1109 2042 exprimeret,
1140 1945 1183 2012 in

77 2061 172 2138 Osca
193 2064 336 2162 litterae
353 2068 497 2167 signum
515 2064 598 2156 fuit,
630 2089 723 2168 qrrae
741 2063 875 2168 procul
894 2061 1010 2138 dubio
1029 2060 1184 2164 adpro-

76 2193 343 2268 nuntiationem
369 2190 496 2265 similis
521 2190 592 2265 fuit
614 2189 834 2264 Latinorum
853 2185 882 2260 d
904 2189 1060 2262 litterae.
1106 2182 1186 2260 Sed

75 2313 181 2416 plura
196 2311 325 2388 dehac
341 2341 382 2388 re
399 2342 468 2391 suo
486 2316 582 2390 loco.
610 2311 723 2406 Quod
741 2337 829 2387 vero
847 2310 1095 2383 Muellerus
1114 2308 1186 2408 (⁷⁴)

75 2443 148 2510 iam
171 2440 374 2539 suspicatus
399 2453 468 2529 est,
497 2441 639 2535 signum
665 2434 768 2508 >vel
792 2431 864 2530 23
885 2430 1046 2528 litteram
1069 2435 1184 2534 signi·
1255 2521 1256 2526 Ἰ

74 2561 198 2651 ficare,
227 2556 264 2631 id
289 2582 441 2662 prorsus
468 2553 759 2630 confirmandum
779 2553 939 2632 ridetur.
979 2557 1063 2630 Hoc
1083 2561 1187 2632 enirn

76 2687 248 2759 evincunt
279 2675 470 2781 inscriptio
502 2678 703 2771 Abellam,
740 2683 778 2752 in
811 2706 883 2782 qua
917 2683 1126 2784 saepissime
1155 2685 1201 2777 Κ,

75 2801 275 2911 reperitur,
309 2801 494 2878 interdum
518 2829 608 2879 vero
624 2799 666 2878 ,(3
690 2802 755 2904 (⁷⁵)
767 2863 776 2896 ,
807 2821 843 2880 et
879 2803 1030 2916 quidem
1060 2821 1116 2879 ter
1140 2807 1181 2876 iu

125 3019 189 3098 (72)
214 3012 521 3079 tab,1.l.2i:ltabina.
539 2982 737 3090 tistapmas.
755 3025 805 3074 ³3:
818 3019 972 3087 napinam.

126 3121 189 3198 (73)
215 3123 314 3197 aprufi
332 3125 457 3192 rupirrr'e,
478 3123 612 3191 krapuvi,
632 3113 789 3190 liupifiatu,
810 3114 839 3173 in
860 3111 939 3174 labb.
958 3113 1068 3175 Latine
1089 3117 1187 3191 abrof,

76 3227 184 3286 rubine,
202 3228 341 3292 gruboor'e,
360 3227 533 3296 combsfiatu.

126 3322 190 3402 (74)
216 3327 280 3382 Etr.
292 3322 333 3381 11.
347 3324 448 3401 peti.
464 3332 580 3388 not93.

125 3425 191 3504 (75)
217 3424 253 3482 ln
272 3422 470 3506 monumentis
490 3423 576 3485 suam
591 3441 661 3484 rere
678 3419 808 3482 Etruscis
823 3409 1012 3501 reperitur]
1028 3431 1058 3480 et
1070 3406 1110 3492 2,
1130 3419 1188 3482 sed

76 3527 125 3604 ita,
143 3539 176 3586 ut
188 3515 262 3586 illuil
274 3525 389 3607 signum
402 3523 626 3604 antiquioribus,
644 3523 703 3586 hoc
715 3521 879 3584 iunioribus
892 3535 1001 3586 tantum
1014 3519 1187 3602 inscriptio-

75 3628 160 3688 nibus
173 3626 378 3690 vindicandum
393 3625 536 3701 videatur,
549 3626 678 3686 eiusdem
692 3638 848 3706 utrumque
862 3621 1091 3710 significationis3
1105 3609 1187 3684 nun-¹

75 3748 160 3809 quam
178 3729 256 3789 enim
276 3726 405 3808 reperies
422 3725 454 3784 in
474 3726 576 3796 eadem
596 3725 786 3808 inscriptione
805 3725 891 3787 ambo
910 3726 1008 3808 signa,
1028 3713 1129 3792 sed)l
1152 3726 1187 3786 in

74 3826 181 3909 paucis,
200 3847 273 3905 quse
288 3841 318 3889 et
329 3825 392 3888 aliis
406 3826 442 3886 dc
457 3827 560 3886 cannis
573 3827 749 3889 vetustiores
762 3827 907 3908 vitientur,
925 3813 953 3892 2
967 3825 998 3887 in
1011 3827 1102 3914 longe
1115 3828 1185 3910 plu·
1245 3834 1252 3906 ².

75 3927 155 3988 rimis
169 3936 199 3986 et
211 3928 400 4007 amplissimis,
414 3926 489 3988 utin
503 3926 662 3988 Perusinis.
1251 3923 1252 3944 ³
