2558 4314
208 836 210 842 ’
309 896 617 1004 nitrosus
654 895 1069 1006 rlssuusnuu.

610 1135 763 1146 —*

613 1147 761 1158 ψ

137 1299 282 1450 Quum
319 1345 525 1422 studiorum
562 1343 854 1420 academicorum
889 1348 1060 1423 varietate
1096 1359 1134 1418 et
1162 1341 1241 1420 Viri

116 1547 117 1552 ,
137 1480 277 1546 summe
291 1469 499 1548 Venerandi
517 1487 597 1546 tum
616 1473 760 1572 egregio
781 1469 966 1574 exemplo,
988 1485 1068 1543 tum
1083 1469 1237 1572 privata,

41 1653 44 1658 -
137 1623 210 1698 qua
236 1595 457 1698 gaudebam,
494 1593 747 1670 exhortatione
772 1597 933 1696 primum
961 1590 1162 1668 deducerer
1193 1587 1240 1664 ad

137 1719 298 1795 Tabulas
318 1721 542 1822 Eugubinas,
571 1722 711 1820 insigne
737 1715 829 1792 illud
853 1721 987 1796 veteris
1009 1716 1135 1792 Italiae
1158 1742 1238 1790 mo-

136 1859 367 1936 numentum,
397 1843 572 1916 curiosius
597 1816 854 1945 inspiciendas,
885 1856 921 1916 et
948 1866 1058 1943 quem
1081 1840 1241 1915 fructum

136 1965 328 2067 hucusque
357 1965 499 2040 litterae
529 1963 616 2040 inde
641 1969 912 2069 percepissent,
950 1961 1238 2038 considerarem:

137 2088 364 2162 fabulantem
382 2114 467 2162 sane
487 2087 733 2181 credidissem,
757 2093 821 2190 qui
840 2087 930 2162 mihi
949 2086 1099 2180 diceret,
1125 2113 1240 2190 quan-

136 2227 218 2286 tum
242 2227 404 2313 tempus,
441 2227 672 2312 quantosque
704 2211 849 2285 labores
878 2209 1078 2285 doctissimi
1104 2214 1241 2312 quique

32 2433 35 2442 ³
136 2361 223 2410 suae
250 2339 375 2410 aetatis
400 2334 569 2410 homines
595 2338 670 2408 iam
693 2331 939 2437 perdidissent
960 2337 999 2406 in
1021 2332 1078 2406 his
1101 2349 1242 2436 septem

135 2459 280 2535 laminis
306 2457 542 2564 explicandis.
594 2457 700 2554 Quae
731 2461 827 2534 enim
855 2455 904 2534 Ο.
928 2456 1176 2532 Muellerus
1203 2461 1242 2532 in

135 2584 326 2689 praeclaro
348 2583 394 2658 de
411 2585 574 2659 Etruscis
596 2609 709 2688 opere
733 2585 858 2686 paucis
883 2586 923 2656 in
941 2576 1083 2687 paginis
1105 2578 1151 2656 de
1171 2581 1241 2656 lin·

26 2765 30 2778 .
137 2735 207 2810 gua
221 2707 428 2782 tabularum
443 2712 583 2811 egregie
598 2705 766 2782 disseruit
784 2709 814 2781 si
834 2710 1032 2818 exceperis,
1052 2726 1242 2813 practerea

136 2831 247 2924 nihil,
286 2830 388 2933 quod
420 2847 513 2906 esset
541 2835 717 2910 memoria
744 2830 913 2933 dignum,
948 2859 1066 2934 usque
1097 2831 1242 2908 adhoc

135 2972 281 3058 tempus
310 2981 379 3058 per
405 2935 563 3056 ¹quatuor
587 2955 664 3030 fere
690 2955 835 3030 saecula
861 2971 1006 3030 erutum
1032 2982 1128 3048 csse,
1161 2959 1241 3030 iure

138 3078 269 3180 aliquis
290 3078 434 3154 dixerit.
467 3075 580 3172 Quod
602 3082 633 3153 si
649 3105 776 3156 verum
794 3093 861 3171 est,
880 3077 1070 3153 nonnullis
1090 3104 1241 3182 operam

138 3203 262 3303 potius
287 3202 415 3278 ludere
441 3200 616 3294 videbor,
651 3230 780 3305 quam,
814 3228 991 3305 quaeres
1018 3203 1238 3308 expostulat,

54 3383 55 3388 η
139 3350 279 3417 curare,
314 3330 345 3399 si
369 3327 486 3402 nihilo
513 3330 632 3402 minus
657 3311 857 3402 Historiam
883 3326 1109 3406 Tabularum
1133 3351 1239 3432 praef

138 3451 283 3522 mittere
308 3448 425 3524 lubet.
466 3450 605 3527 Verum
629 3466 765 3544 tamen,
792 3468 1050 3556 praeterquam
1071 3448 1172 3554 quod
1194 3446 1240 3522 ad

139 3561 410 3680 absolutiopem
434 3599 535 3649 meae
562 3573 825 3678 qualiscunque
845 3580 884 3651 in
904 3575 978 3651 hoc
998 3589 1238 3650 monumento

138 3701 279 3800 positae
301 3680 435 3802 operae
455 3689 639 3799 pertinere
659 3698 816 3793 videtur,
839 3684 901 3792 ut,
919 3725 995 3802 quo
1015 3708 1183 3803 tempore
1204 3712 1240 3770 et
1275 3711 1278 3718 '

140 3846 215 3921 quo
241 3821 326 3897 loco
347 3820 494 3898 tabulae
514 3840 679 3927 repertae
700 3827 786 3917 sint,
814 3823 984 3913 referam,
1014 3817 1152 3923 quique
1172 3821 1239 3893 ho-

139 3947 253 4021 mines
284 3963 321 4021 et
351 3975 422 4052 qua
448 3945 523 4024 fide
549 3948 609 4025 vel
633 3952 818 4026 universas
845 3941 1005 4034 tabulas,
1034 3941 1094 4020 vel
1118 3954 1238 4042 partes

982 4063 1037 4158 [1]
