2558 4314
595 13 652 100 80

74 231 117 279 ex
137 202 386 308 sequentibus,
416 204 459 279 id·
478 205 580 308 quod
600 209 673 281 iam
697 211 737 282 in
755 210 1070 312 praecedentibus
1094 247 1174 325 pas·

73 334 142 404 sim
161 327 448 407 animadvertere
475 331 624 425 licebat,
653 337 818 408 omnium
845 329 922 415 ie're
943 339 1072 418 Italiae
1097 361 1177 422 tum

71 447 350 558 scripturarum,
385 471 464 529 tum
477 509 481 514 -
496 455 701 558 linguarum
733 453 843 535 fuisse
874 471 1177 544 communitatem
1260 483 1262 570 g

71 577 255 692 quandam
275 571 564 682 progressionis.
618 580 690 657 Vel
723 586 819 659 inter
851 585 1029 662 Graecam
1061 594 1174 668 Etru-
1260 583 1262 630 ³

69 727 241 805 scamque
265 703 506 779 litteraturam
532 731 610 780 non
635 705 749 782 modo
775 713 993 812 primitivam
1015 720 1173 792 coniun-
1260 729 1262 814 j

69 817 231 902 ctionem
248 825 325 910 sed
353 830 462 902 etiam
484 845 707 931 perpetuum
733 830 885 936 aliquod
910 842 1170 913 commercium

68 956 272 1046 exstitisse,
294 951 487 1028 affirmavit
516 949 831 1032 O.·Muellerus
856 957 954 1058 (²²⁶).
1010 960 1089 1057 Qua
1118 961 1166 1038 de
1260 945 1262 996 ³

67 1103 191 1150 caussa
210 1102 286 1150 non
305 1100 449 1169 vereor,
467 1102 525 1172 ne
545 1091 683 1150 temere
707 1079 838 1179 agendi
863 1087 1168 1189 vituperationem

66 1201 204 1275 laturus
216 1204 309 1292 -sim,
338 1203 369 1272 si
394 1226 440 1274 ex
465 1200 593 1276 formis
618 1200 835 1295 litterarum,
866 1217 1085 1312 comparatis
1111 1239 1169 1288 ce·
1223 1291 1227 1297 ,

65 1329 153 1400 teris
178 1324 327 1417 Italicis,
362 1327 527 1428 inprimis
552 1327 713 1398 Etruscis
739 1324 883 1419 litteris,
919 1330 1171 1440 adhibitisque

65 1454 173 1523 etiam
192 1448 357 1541 Graecis,
388 1449 660 1522 conclusionem
681 1446 827 1520 efficere
847 1474 978 1545 conor,
999 1456 1056 1530 ,de
1075 1477 1169 1534 tem.

64 1599 170 1675 pore,
201 1600 276 1676 quo
299 1577 454 1676 scriptae
473 1569 665 1648 videantur
688 1571 847 1646 tabulae·
887 1572 1082 1654 Accedunt
1098 1611 1168 1657 au-

64 1714 140 1771 tem
172 1693 380 1771 ad·f0rmas
411 1697 615 1770 litterarum
646 1696 848 1770 nonnullae
879 1699 992 1800 ipsius
1019 1699 1167 1802 linguae

64 1824 296 1910 mutationes,
319 1845 413 1923 quae
435 1819 711 1922 argumentandi
731 1823 839 1895 nobis
858 1825 1002 1924 copiam
1013 1823 1165 1902 facient.

62 1946 268 2020 Multorum
287 1949 336 2018 ita
356 1943 576 2051 indiciorum
594 1970 777 2020 consensu
795 1962 940 2049 tempus
960 1963 1056 2022 certe
1075 1975 1168 2024 con·

62 2073 211 2144 stituere
224 2059 369 2164 licebit,
400 2068 501 2173 quod
521 2069 618 2144 ultra
636 2073 799 2173 citraque
818 2069 910 2146 haec
928 2089 1168 2148 monumenta

62 2197 233 2296 inscripta
262 2219 339 2269 esse
364 2211 567 2298 nequeunt.

110 2331 115 2342 '
163 2319 442 2395 Praemittamus
474 2323 584 2422 igitur
613 2317 790 2394 Umbriae
822 2321 973 2421 scriptas
1005 2320 1157 2411 tabulas,
1259 2401 1260 2406 ,

61 2446 100 2516 in
121 2441 254 2546 quibus
275 2444 368 2517 aliae
387 2443 543 2536 litterae,
572 2459 616 2516 ut
635 2449 677 2534 8,
701 2449 740 2533 d,
765 2442 805 2535 q,
833 2445 879 2534 Λ,
912 2445 1050 2546 quippe
1072 2467 1159 2548 quae
1259 2443 1260 2449 ’

62 2566 214 2643 Umbris
245 2564 417 2643 ridentur
446 2566 649 2669 peculiares
681 2565 806 2659 fuisse,
843 2570 995 2640 omnino
1025 2567 1166 2642 nullam

62 2689 258 2765 admittunt
283 2693 608 2792 comparationem,
637 2689 742 2783 aliae,
763 2705 824 2783 ut,
851 2688 889 2777 8,
908 2689 933 2779 Ι,
949 2692 987 2779 t,
1005 2698 1048 2781 G,
1065 2690 1095 2780 ὶ,
1114 2693 1165 2780 V,

60 2819 99 2890 in
118 2816 281 2890 Etruscis
299 2829 378 2888 tum
402 2817 674 2917 antiquissimis,
703 2829 783 2890 tum
805 2817 1058 2918 recentissimis
1079 2838 1159 2887 mo-

61 2942 245 3014 numentis
270 2938 398 3012 formis
422 2965 573 3041 prorsus
599 2935 729 3012 iisdem
755 2942 1044 3040 conspiciuntur,
1072 2937 1164 3012 aliae

62 3061 222 3166 denique
255 3062 405 3139 diversis
438 3061 590 3166 quidem
622 3063 750 3136 formis
783 3061 964 3136 exhibitae
990 3079 1087 3156 sunt,
1121 3066 1165 3136 iis

61 3204 186 3262 tumen
220 3190 386 3279 incertis,
404 3191 483 3260 ¹¹cui
522 3211 690 3289 quaeque
729 3190 837 3260 aetati
870 3185 1068 3262 tribuenda
1102 3191 1162 3262 sit.
1253 3247 1254 3266 t

60 3310 204 3386 Paucae
223 3326 366 3384 tantum
387 3325 536 3404 restant,
567 3336 657 3413 quas
678 3307 724 3385 ad
749 3326 958 3414 tempotum
982 3315 1165 3387 rationem
1253 3289 1254 3366 l

60 3459 232 3512 revocare
257 3432 357 3508 lieet.
1167 3525 1168 3528 Ἴ

162 3559 197 3644 Α
212 3532 390 3645 litterain
408 3555 595 3633 nonnullis
622 3558 882 3661 antiquissimis
907 3555 1163 3662 sepulcrorum

110 3836 450 3920 (22⁶)se.11,p.292.
553 3867 562 3885 ι
