2558 4314
10 91 15 280 i
104 215 229 314 ginum
260 205 416 293 litterae,
452 223 566 302 quum
597 219 726 270 omnes
755 195 894 293 scilicet
918 191 1045 268 Italiae
1074 189 1207 294 populi

105 337 153 409 ab
176 331 338 421 Etruscis
370 329 637 400 instruerentur
667 317 894 392 litteratura?
927 314 1069 412 Quidni
1099 331 1206 418 pute-

107 485 203 549 mus,
228 455 365 529 litteras
383 447 640 524 Romanorum
658 441 781 542 detq
809 456 845 514 et
871 441 956 516 alias
981 443 1207 544 antiquiores

113 591 198 673 esse,
224 605 336 682 quam
359 595 509 651 omnem
526 567 767 640 Etnrscorum
789 562 1051 640 litteraturam?
1075 564 1208 640 Neutri
1259 579 1263 607 ⁴

112 723 227 781 tamen
256 729 303 776 ex
332 698 391 771 his
424 693 472 767 de
496 691 696 767 Demarato
728 686 852 790 deque
880 686 1052 764 Evandro
1082 717 1206 765 narra·

108 831 269 937 tionibus
285 837 429 897 tantum
445 819 622 890 momenti
635 815 825 888 tribuere
814 814 990 886 inanimo
1005 828 1072 904 est,
1093 841 1207 916 quan-

102 945 231 1030 tuma
230 948 318 1021 lteri
343 940 389 1017 de
412 941 609 1016 Demarato
635 953 905 1014 consueverunt
929 934 1120 1040 hucusque
1144 942 1208 1012 tri
1225 1026 1227 1036 Ι

101 1080 238 1152 buere.
282 1064 327 1142 Id
351 1063 463 1140 modo
487 1067 634 1166 utrique
659 1066 737 1140 veri
762 1063 910 1136 subesse
937 1064 1116 1166 suspicor,
1146 1087 1208 1137 ex-

107 1178 243 1277 stitisse
262 1220 282 1268 a
298 1193 480 1296 principio
499 1205 636 1264 arctam
654 1187 813 1290 aliquam
834 1190 1131 1262 coniunctionem
1153 1191 1208 1262 in-

108 1337 169 1398 ter
193 1319 369 1396 Graecam
393 1314 614 1416 Italicasque
639 1315 849 1414 scripturas,
877 1311 1024 1414 qualem
1049 1312 1128 1388 fere
1153 1315 1208 1387 in·

10 1427 12 1448 ³
107 1461 166 1527 ter
190 1447 284 1548 ipsas
310 1466 460 1546 quoque
486 1438 628 1540 linguas
652 1452 800 1512 statuas.
855 1434 977 1530 Quam
1001 1453 1044 1514 ut
1067 1437 1209 1541 lingua·

104 1597 187 1646 rum
204 1571 462 1670 cognationem
479 1563 553 1636 alio
568 1562 656 1638 loco
674 1558 720 1634 ad
732 1559 903 1662 Pelasgos
920 1566 1083 1638 revocari
1098 1589 1211 1666 posse

103 1692 303 1809 dicemus,
314 1693 454 1792 quippe
482 1713 575 1789 quos
600 1689 681 1796 pari
706 1687 784 1762 iure
808 1683 935 1760 Italiae
962 1691 1072 1790 atque
1094 1687 1209 1763 Grae·

69 1881 71 1886 ,
103 1821 182 1904 ciae
207 1795 345 1886 babere
371 1811 480 1884 liceat
504 1813 644 1912 primos
669 1809 907 1902 habitatores,
938 1813 988 1884 ita
1014 1815 1210 1915 scriptura-

105 1963 191 2008 rum
217 1958 368 2034 quoque
393 1957 611 2008 consensum
636 1937 667 2008 si
693 1937 774 2035 quis
798 1932 1036 2036 Pelasgorum
1059 1941 1211 2012 nomine

104 2055 188 2136 vult
207 2054 404 2158 explicare,
432 2081 512 2135 non
527 2054 651 2148 vide0,
683 2055 772 2158 quid
791 2059 926 2138 obstet.
966 2057 1063 2134 Nam
1080 2065 1120 2136 in
1137 2061 1212 2136 boc

106 2187 220 2259 etiam
240 2195 396 2272 ceterae,
427 2207 517 2282 quas
537 2184 639 2272 novi,
668 2203 795 2262 omnes
821 2185 1055 2258 consentiunt
1080 2183 1126 2260 de
1150 2185 1211 2262 lit-

103 2324 266 2382 terarum
285 2306 493 2380 invectione
512 2306 753 2396 narrationes,
783 2331 897 2406 quum
915 2309 1062 2378 non'ad
1079 2313 1211 2384 Etm's-

103 2459 176 2523 σοι,
204 2426 269 2503 sed
296 2433 332 2502 ιἰι
358 2431 505 2504 Italiam
531 2429 677 2505 allatam
703 2454 781 2504 esse
807 2426 930 2503 dicant
954 2429 1208 2508 litteraturam.

102 2555 305 2657 Dionysius
332 2557 430 2628 enim
457 2552 583 2654 (l'ib.I.
604 2557 733 2655 c.2l.)
760 2553 890 2629 refert:
922 2548 1074 2644 λέγονται
1098 2552 1133 2632 N
1158 2555 1214 2634 sai

104 2669 312 2786 γραμμάτων
339 2679 536 2765 Ἑὶθιηνικῶν
563 2673 684 2788 χρῆσιν
713 2683 766 2756 εἰς
786 2674 966 2754 Ἰταλίαν
995 2683 1115 2790 πρῶτοι
1141 2677 1214 2758 do-

106 2797 243 2895 κομίσαι
274 2795 364 2876 νεωςῒ
390 2804 582 2899 φανεῖσαν’
583 2796 725 2910 Agneion
779 2803 945 2908 Hyginus
971 2806 1063 2904 (fab.
1081 2809 1208 2906 277.)-

109 2927 219 3019 ‚,Has
237 2941 359 3000 autem
373 2926 533 3000 Graecas
549 2926 725 3024 (litteras)
730 2927 960 3014 Mercurius
948 2956 989 3002 ιιι
1001 2929 1211 3034 Aegyptum

106 3052 245 3150 primus
261 3047 432 3126 detulisse
450 3023 596 3141 dicitur,
618 3076 662 3136 ex
675 3048 846 3152 Aegypto
862 3043 1052 3126 Cadmus
1041 3078 1080 3128 ιιι
1094 3053 1209 3131 Grae-

107 3175 213 3262 ciam,
244 3199 331 3273 quas
350 3173 542 3251 Evandrus
563 3174 741 3278 prologus
766 3197 811 3248 ex
826 3172 1025 3250 Arcadia
1008 3201 1044 3252 ιιι
1064 3181 1210 3255 Ιιαίἰαιη
1267 3197 1268 3248 1

105 3294 303 3387 transtulit,
334 3325 423 3448 quas
442 3315 559 3374 mater
579 3302 655 3372 eius
677 3298 909 3375 Carmenta
893 3328 930 3376 m
949 3303 1097 3378 Latinos
1116 3333 1208 3380 com·
1244 3315 1248 3322 '

106 3419 368 3495 nrotaoz'tw
403 3422 550 3498 Plinius
576 3423 643 3522 (H.
656 3423 705 3498 N.
716 3423 800 3517 VH,
822 3427 923 3525 56.)·
955 3431 1039 3520 „In
1066 3432 1209 3510 Latium
1267 3417 1268 3434 ¹

106 3571 165 3620 eas
185 3543 390 3618 intulerunt
408 3545 602 3645 Pelasgas
639 3547 819 3623 Maximus
836 3548 1046 3626 Victorinus
1065 3551 1129 3650 (rt.
1143 3551 1210 3628 Gr.

104 3671 309 3772 p.l9tl‹l.):
341 3669 458 3762 „Hae
478 3686 605 3746 autore
623 3671 809 3766 Evandro,
832 3691 876 3764 ut
893 3673 1043 3782 quidam
1060 3675 1205 3770 volunt,

105 3773 167 3866 alii
185 3818 275 3870 vero
292 3793 453 3870 Hercule
479 3800 517 3870 in
535 3798 680 3872 Italiam
700 3825 721 3874 a
739 3798 899 3900 Pelasgis
926 3797 1055 3873 allatae
1082 3799 1209 3876 sunt.’'
1234 3836 1236 3842 ·

103 3917 240 3994 Marius
259 3916 471 3996 Victorinus
496 3920 557 4023 (A.
567 3923 631 3999 Gr.
648 3921 712 3997 lib.
720 3923 749 3996 Ι.
767 3948 807 4025 p.
820 3922 965 4021 2468.);
994 3914 1207 4026 „Reperto-
1267 3911 1268 3988 Q
