2558 4314
618 7 673 93 21

100 203 263 303 ingenio,
299 220 407 301 quam
437 201 518 276 viro
549 192 813 270 studiosissimo
839 193 1094 300 imputandum
1122 200 1202 298 opi·

99 351 185 399 nor.
224 323 285 397 De
303 321 438 396 tabulis
455 319 661 421 Eugubinis
681 318 931 420 compluribus
949 323 988 392 in
1004 319 1096 394 locis
1114 345 1202 394 con-

101 445 461 538 sideratedisse'ruit,
491 459 529 518 et
555 465 650 544 quae
675 438 856 542 prolixior
876 469 918 518 ea
941 441 1200 520 1111οά11111-

104 575 190 646 tatio
209 575 323 647 totius
341 572 465 674 operis
483 565 597 640 finem
613 563 713 656 facit,
732 579 855 667 partes
874 571 982 641 etiam
996 568 1203 648 tabularum

103 701 259 800 ipsarum
284 699 358 768 suis
385 714 569 794 qtramque
595 687 724 762 litteris
751 675 922 763 exbibet,
975 685 978 692 '

199 819 349 896 Noram
380 841 425 890 ex
457 839 504 888 eo
539 829 706 915 tempore
738 813 861 890 lucem
887 831 1108 917 acceperunt
1130 816 1200 890 lin-

94 969 253 1047 guarum
279 941 435 1041 origines
460 953 570 1042 atque
595 937 758 1032 naturae,
786 941 856 1048 riri
881 941 1109 1032 exstiterunt,
1138 943 1203 1042 qui
1257 989 1261 1000 ·

95 1093 217 1170 quum
245 1067 347 1138 omni
369 1049 568 1156 doetrinae,
596 1062 912 1166 'tumlinguarum
938 1066 1093 1137 maxime
1117 1089 1200 1166 per-

95 1190 313 1263 scrutationi
340 1213 476 1267 novum
503 1185 618 1290 idque
645 1185 835 1262 honestius
864 1186 1021 1263 stadium
1047 1211 1217 1290 apeme·

5 1291 20 1425 '5
96 1291 203 1404 murt,
240 1337 347 1414 quam
378 1309 480 1416 quod
513 1313 702 1415 praeteriti
728 1311 862 1386 saeculi
886 1313 946 1390 111
970 1313 1213 1420 principibus

13 1498 19 1533 ,
96 1450 263 1538 apertum
292 1436 374 1512 fuit.
428 1436 581 1512 Utinam
612 1431 714 1538 quod
741 1440 862 1538 magni
886 1453 996 1540 atque
1021 1435 1201 1540 praeclari

5 1593 7 1620 1
91 1559 226 1635 bacin
250 1587 375 1636 rerum
404 1563 646 1636 conversione
672 1561 846 1653 vertitur,
881 1557 919 1634 id
945 1587 1023 1635 non
1047 1587 1199 1664 prorsus

90 1711 151 1759 me
183 1684 318 1786 fugisse
354 1683 701 1784 intelligentioribus
733 1680 916 1786 videatur,
960 1713 1073 1787 quum
1104 1685 1199 1760 hanc

89 1808 184 1882 mibi
208 1833 288 1880 rem
314 1823 352 1880 et
377 1832 432 1898 ea,
467 1833 540 1907 qua
565 1809 770 1910 apparebit,
803 1810 945 1883 ratione
971 1797 1196 1884 tractandam

5 1949 7 2038 7
90 1953 357 2028 proponerem.

5 2039 11 2402 ,

5 2483 7 2578 1
49 2431 82 2589 J
145 2387 731 2572 11111111111111111
773 2464 1138 2582 1111101111
1222 2573 1228 2590 .

5 2633 8 2704 ²
463 2639 809 2772 unrvnasl.

574 2864 707 2876 -·-——·—-

574 2875 705 2888 -ιι-ι-

87 3000 232 3148 Quum
268 3047 454 3154 duplicem
490 3047 685 3133 exhibeant
714 3050 976 3146 litteraturam,
1020 3081 1114 3158 quae
1143 3056 1188 3134 ad
1272 3061 1273 3106 ³

81 3187 250 3247 nostram
263 3189 415 3275 aetatem
429 3191 678 3278 pervenerunt
691 3173 920 3251 Umbrorum
934 3201 1185 3279 monumenta,
1271 3107 1273 3250 l

86 3296 255 3371 Latinam
286 3296 411 3392 altera,
445 3298 558 3374 altera
582 3323 675 3389 eam,
709 3325 820 3402 quam
844 3293 1186 3411 Etnrscamappel·
1272 3347 1273 3412 1

85 3421 176 3514 lant,
209 3415 296 3494 inde
322 3426 477 3497 maxime
502 3427 542 3496 in
567 3420 964 3527 disputationesnostra
992 3429 1185 3516 1101111111-
1269 3415 1273 3451 ³

86 3542 175 3619 dum
197 3542 354 3637 videtin,
382 3561 425 3619 ut
449 3549 688 3650 inquiramus,
722 3575 815 3652 quae
840 3555 887 3629 sit
910 3559 1101 3655 utriusque
1125 3553 1184 3630 lit·
1268 3633 1273 3656 ,Ν

63 3685 263 3744 =teraturae
289 3671 396 3745 ratiox
409 3687 520 3774 atque
545 3672 713 3778 dignitas,
746 3692 870 3750 utrum
894 3675 1183 3752 alterutra'Um-

83 3795 159 3867 bris
177 3793 287 3868 fuerit
305 3798 417 3898 magis
432 3804 597 3902 propria,
621 3803 802 3892 usitatior,
827 3777 1028 3896 antiquior,
1056 3798 1117 3873 vel
1136 3799 1182 3872 ad

84 3921 419 4020 pronuntiationem
439 3926 605 4026 ipsorum
626 3929 760 4028 aptior,
791 3947 837 3994 an
860 3913 991 3991 eodem
1014 3934 1182 4016 tempore
