2558 4314
595 36 677 126 100

83 226 261 304 Omnium
277 231 388 332 igitur
403 227 612 304 tabularum
631 233 950 312 recensum'buuc
975 238 1014 312 in
1040 237 1190 318 modum
1258 249 1259 252 ’

82 351 250 456 proferre
276 352 380 428 licet:

420 478 489 554 Ia.
547 477 718 584 Dempst.
746 479 801 558 IV
814 487 848 558 b.

419 603 487 677 Ib.
605 661 610 668 .

421 727 507 802 IIa.

423 1843 605 1926 Vnt

189 2026 264 2122 Qui
290 2043 411 2102 autem
436 2027 519 2104 fieri
543 2003 728 2133 potuerit,
755 2045 897 2104 uttam
924 2027 1073 2107 diversis
1098 2047 1192 2104 tem-

84 2153 238 2258 poribus
269 2151 432 2256 singulae
462 2152 749 2231 inscriberentur
778 2153 945 2248 tabidae,
978 2154 1048 2230 hac
1080 2151 1194 2230 dere

86 2281 204 2382 aptius
229 2277 302 2354 alio
328 2277 415 2353 loco
443 2255 720 2384 disputabimus

538 2505 743 2544 m

190 2714 316 2809 Quum
342 2719 414 2788 iam
439 2715 660 2794 absolverim
676 2719 841 2820 primam
858 2715 1075 2820 particulam
1092 2741 1190 2790 com-

86 2842 320 2918 mentationis
346 2836 392 2914 de
420 2839 808 2944 TabulisEugubinis,
839 2868 950 2944 quam
975 2857 1089 2918 totam
1113 2863 1192 2910 non

86 2963 191 3040 licuit
215 2964 277 3039 hic
293 2964 475 3068 proferne,
503 2969 636 3048 iuverit
651 2981 789 3059 tamen,
818 2983 1020 3043 ceterarum
1036 2966 1196 3068 partium

36 3103 42 3110 '
88 3087 376 3196 designationem
391 3106 501 3171 ¹certa
533 3107 570 3169 et
595 3108 892 3194 argumentorum
918 3088 1197 3193 dispositionem

87 3213 263 3288 attidisse.
317 3211 526 3316 Apparebit
549 3212 650 3308 inde,
685 3218 899 3318 neutiquam
924 3211 962 3287 id
989 3214 1081 3288 mibi
1107 3240 1196 3289 con·

87 3337 209 3412 silium
225 3337 350 3429 fuisse,
378 3353 422 3412 ut
437 3342 779 3442 interpretationem
802 3342 982 3432 omnium,
1010 3337 1197 3422 ueletiam

87 3461 350 3564 plurimorum,
386 3466 546 3588 quaein
570 3464 705 3538 tabulis
731 3462 986 3557 exhibentur,-
983 3461 1198 3540 verborum

87 3575 345 3660 efficerem·
368 3613 506 3705 neque
540 3592 638 3662 enim
665 3565 852 3665 divinandi
878 3588 980 3663 mibi
991 3587 1194 3686 ingenium,

89 3733 159 3782 nec
183 3707 338 3785 ludendi
365 3714 438 3788 es't
445 3707 658 3787 animus-
668 3693 754 3787 sed
780 3711 837 3808 ut,
846 3695 1096 3816 amplissimo
1123 3707 1198 3786 hoc

90 3851 330 3910 monumento
358 3863 469 3938 quam
486 3842 753 3937 accuratissime
769 3839 1027 3942 pervestigato,
1056 3859 1197 3939 propo·

91 3980 235 4048 nerem,
272 3974 350 4035 tum
384 3984 477 4060 quae
510 3958 557 4034 de
582 3960 759 4036 Umbrica
786 3962 908 4062 lingua
934 3985 1003 4063 per
1030 3987 1086 4054 se,
1120 3975 1200 4034 tum
