2558 4314
676 40 702 130 7

139 253 176 308 et
191 250 383 334 proventus
397 259 463 331 pm
480 233 631 327 brenulo,
656 231 976 331 prontinesuturo,
1005 233 1151 305 incoan.
1181 227 1239 304 die

140 362 259 462 prima
279 359 410 432 mensis
428 356 601 445 Ianuarii,
626 355 783 452 proximi
785 355 915 455 futuri
929 381 1026 430 anno
1050 358 1145 430 1457
1165 370 1236 428 etc.

141 499 180 557 et
196 482 267 557 hoc
286 482 374 556 fecit
395 479 512 554 dictus
532 476 716 551 Antonius
736 473 904 552 Sindicus
924 495 1007 554 ante
1034 476 1152 553 dictus
1173 505 1240 578 pro

137 609 248 707 pretio
265 623 302 680 ct
326 607 466 678 nomine
487 603 593 702 pretii
614 601 788 674 dictarum
815 603 1048 701 Tabularum,
1077 605 1141 705 qui
1161 601 1240 676 An-

140 735 263 805 tonius
297 745 334 804 et
357 726 493 801 Paulus
522 727 734 799 nominibus
763 740 805 799 ut
831 749 941 828 supra
965 725 1130 801 iecerunt
1153 725 1239 799 hinc

139 853 449 942 indefinitionem,
469 852 730 952 quietationem
746 865 783 923 et
797 865 947 952 pactum
962 847 1238 952 perpetuale'de

139 979 295 1052 ulterius
313 1000 389 1048 non
407 972 568 1079 petendo
588 1001 682 1048 unus
707 973 824 1060 alteri,
854 989 891 1048 et
916 972 1009 1048 alter
1034 972 1140 1047 alteri
1166 987 1235 1047 etc.

139 1101 395 1174 renunciantes
426 1115 496 1174 etc.
531 1096 576 1172 ad
608 1124 768 1202 poenam
797 1095 902 1201 dupli
931 1114 1001 1172 etc.
1030 1101 1240 1198 iuraverunt

142 1238 214 1296 etc.
242 1226 486 1325 promiserunt
511 1239 581 1298 etc.
613 1221 868 1324 obligaverunt
893 1219 998 1296 etc.”

244 1343 363 1441 Quam
377 1351 576 1426 emtionem
594 1373 709 1448 quum
724 1373 758 1420 a.
774 1349 868 1420 1456
886 1347 1019 1422 factam
1035 1369 1127 1437 esse,
1148 1367 1236 1418 eun-

141 1469 297 1575 demque
326 1487 415 1546 tunc
444 1471 555 1545 fuisse
583 1497 778 1545 numerum
802 1470 1021 1572 tabularum
1035 1471 1236 1571 comperia-

137 1623 231 1690 mus,
259 1621 370 1698 quem
389 1592 509 1670 adhuc
528 1597 662 1671 servari
682 1598 814 1670 scimus
833 1598 871 1669 in
896 1597 1092 1670 secretiore
1112 1594 1234 1667 Tabu-

136 1719 244 1813 lsrio,
276 1724 355 1794 iure
379 1717 563 1792 Passerius
590 1703 763 1795 Concioli
793 1722 1008 1823 opinionem
1038 1715 1237 1822 explodere

136 1842 296 1935 videtur,
326 1867 370 1916 ex
390 1869 514 1944 quaa.
535 1845 629 1916 1540
650 1840 743 1918 duae
762 1843 909 1918 tabulae
922 1842 1092 1918 Venetias
1110 1867 1235 1944 aspor-

117 1979 232 2039 -tatae
264 1991 386 2066 neque
415 1989 577 2066 unquam
601 1964 765 2042 redditae
795 1968 943 2042 suerint.
997 1965 1048 2040 At
1074 1968 1237 2069 quamvis

137 2085 229 2160 mihi
258 2112 337 2160 non
361 2090 540 2188 integrum
566 2091 613 2163 sit
637 2087 811 2182 iudicare,
847 2106 1023 2193 (fintenus
1043 2089 1136 2164 >hun
1160 2115 1234 2163 em·

137 2214 231 2285 tioni
246 2206 339 2284 fides
355 2225 455 2286 recte
471 2211 583 2285 tribui
599 2214 717 2316 possit
734 2255 773 2270 -
791 2211 830 2286 id
849 2217 947 2286 enim
965 2217 1007 2286 iis
1023 2213 1234 2316 relinquen-

138 2323 251 2428 dum,
269 2339 333 2437 qui
358 2338 574 2438 scripturam
599 2339 717 2439 ipsam
740 2339 888 2440 possint
909 2339 1113 2410 examinare
1135 2381 1175 2395 -
1196 2335 1235 2410 id

134 2477 257 2535 tamen
277 2464 355 2558 iure
376 2459 507 2562 aliquis
527 2465 691 2554 miretur,
720 2465 785 2564 qui
801 2460 883 2537 fieri
900 2463 1077 2566 potuerit,
1103 2475 1236 2535 uttam

135 2584 308 2659 insolenti
329 2599 478 2686 tamque
502 2585 746 2662 immoderato
772 2590 893 2691 pretio
919 2585 985 2660 has
1009 2585 1153 2661 tabulas
1177 2611 1234 2660 re·

42 2745 48 2782 ·.
135 2704 323 2782 dimendas
357 2704 500 2782 duxerit
531 2713 655 2786 civitas
687 2712 897 2814 Eugubina,
933 2726 1121 2814 tempore,
1158 2736 1234 2813 quo

126 2832 235 2906 ‘nulla
256 2828 344 2904 dum
364 2835 522 2933 suspicio
542 2836 772 2939 subvenerat,
802 2835 847 2910 ed
867 2840 962 2940 ipsas
987 2861 1045 2909 res
1069 2850 1234 2911 veterum

132 2955 369 3056 Iguvinorum
390 2979 448 3028 eas
466 2958 665 3057 pertinere,
695 2985 770 3060 quo
789 2985 836 3034 ne
854 2958 975 3065 legere
996 2957 1145 3060 quidem
1164 2983 1233 3062 po·

135 3094 296 3153 tuerunt.
344 3075 499 3153 Accedit
524 3095 658 3173 autem,
686 3097 728 3155 ut
754 3085 932 3180 omittam,
959 3081 1100 3156 tabulas
1125 3079 1233 3158 hasce

139 3225 221 3294 „ex
251 3226 342 3276 aere
363 3203 463 3278 fusili
494 3191 536 3277 ac
564 3201 698 3279 deinde
725 3203 772 3279 ad
798 3205 1006 3305 firmitatem
1030 3205 1232 3283 malleat0'’

136 3339 344 3403 constantes
362 3329 401 3400 in
426 3327 499 3402 illis
524 3328 654 3402 litteris
680 3333 771 3404 mire
796 3355 882 3404 sane
907 3333 1078 3406 eburneas
1104 3331 1231 3433 appel-

134 3449 215 3541 lari,
250 3443 287 3520 id
321 3448 435 3549 quod,
471 3454 546 3526 nisi.
572 3454 711 3527 scribae
741 3453 812 3530 fuit
837 3469 953 3549 error,
988 3453 1053 3557 qui
1076 3455 1240 3533 alteneas

133 3573 255 3676 legere
275 3569 446 3664 debehat,
471 3574 637 3681 alioquin
656 3575 828 3682 explicari
847 3583 930 3655 satis
952 3581 1100 3681 nequit:
1129 3603 1240 3656 acce.

134 3695 189 3772 dit
206 3699 328 3800 igitur,
360 3694 461 3802 quod
480 3725 607 3804 reapse
626 3701 751 3804 plures
770 3701 859 3777 olim
879 3705 1053 3779 exstitisse
1071 3690 1228 3796 tabulas,

135 3847 245 3923 quam
263 3839 418 3925 septem,
448 3839 485 3898 et
502 3823 685 3904 Passerius
705 3831 778 3902 iam
801 3831 1001 3930 suspicatus
1020 3841 1087 3916 est,
1117 3842 1154 3899 et
1175 3829 1230 3900 in-

134 3945 188 4020 ira
206 3949 398 4024 verisimile
415 3947 601 4026 reddetur.
645 3949 791 4046 Quodsi
809 3964 949 4054 septem
966 3946 1112 4020 tabulae
1130 3946 1231 4019 nulls
