2558 4314
663 17 691 102 9

233 211 456 286 Memorasse
473 223 594 282 autem
607 202 654 279 de
666 203 799 280 tabulis
810 207 951 308 primus
964 229 984 278 a
996 203 1148 278 Malleio
1162 203 1228 302 (¹⁵)

41 416 47 426 .
133 335 267 410 dieimr
285 333 534 438 Stephanus
552 327 863 404 Cremonensis
881 331 921 402 in
934 327 1017 404 Vita
1031 325 1227 404 S.Ubaldi.

138 458 257 553 Quem
273 459 411 534 librum
430 481 545 559 quum
561 454 632 555 ipsi
650 448 741 522 mihi
765 451 943 552 inspicere
968 479 1043 528 non
1071 453 1228 545 licuerit,

35 571 36 574 ¹
138 587 253 658 statim
284 605 406 685 pergo·
431 623 472 639 -
501 592 544 651 ut
572 591 712 650 taceam
743 569 790 646 de
821 577 1076 677 epigrammate
1105 577 1232 671 Iacobi

139 705 301 781 Taurelli
314 705 380 804 (¹⁹)
399 747 440 761 -
462 698 508 776 ad
526 692 745 803 ‘opusculum
761 697 948 800 Augusti
966 697 1148 775 Steuchi
1164 699 1231 802 (2⁰)

1 845 2 848 ’
36 839 53 930 Ἰ
133 831 335 934 Eugubini‚
358 823 534 928 Episcopi
556 823 703 915 Kisami,
728 819 829 924 quod
851 847 896 896 eo
916 825 999 926 ipso
1018 849 1112 897 anno
1137 829 1231 900 1540

1 1011 2 1014 ,
133 958 173 1031 in
191 953 317 1028 lucem
337 947 473 1024 edimm
492 964 557 1040 est,
588 973 663 1051 quo
683 944 776 1020 duae
793 945 941 1022 tabulae
960 945 1132 1022 Venetiae
1149 951 1232 1022 mis·

1 1105 2 1110 ’
135 1103 198 1154 sae
223 1075 401 1154 feruntur.
449 1071 527 1149 sut
545 1071 659 1146 finem
676 1071 783 1144 huius
801 1070 921 1146 libelli
938 1086 1154 1148 vetustatem
1172 1099 1234 1148 ur·

135 1203 197 1276 bis
211 1196 391 1306 declarare
404 1196 493 1274 dicit
510 1193 778 1302 „Mausoleum
792 1212 891 1272 extra
904 1201 1049 1270 moenia
1064 1211 1101 1270 et
1114 1195 1234 1271 Thea-

138 1340 255 1405 trum:
281 1339 358 1397 tum
375 1349 476 1425 comp
476 1323 571 1394 lares
589 1295 726 1395 tubulas
741 1345 871 1392 aeneas
886 1337 1050 1424 repertas
1069 1324 1109 1394 in
1126 1325 1233 1424 agris,

115 1432 266 1523 'litteris
292 1449 485 1550 incognitis
511 1448 654 1536 incisas,
691 1469 780 1546 quas
804 1443 994 1547 hucusque
1019 1445 1141 1548 legere
1165 1472 1234 1550 po·

135 1577 248 1649 tuerit
264 1597 394 1647 nemo:
422 1587 503 1645 tum
523 1570 659 1669 tegebas
683 1569 921 1670 sepulcrorum
938 1568 1004 1669 (²¹)
1030 1571 1161 1644 eisdem
1179 1571 1236 1644 lit-

138 1701 219 1775 teris
236 1700 422 1798 impressas
441 1695 487 1767 ab
508 1709 648 1767 aratore
674 1689 882 1768 inventas.’'
918 1691 1089 1767 Aliorum
1113 1694 1171 1770 his
1189 1693 1236 1768 de

137 1823 249 1896 rebus
280 1822 426 1919 scripta,
460 1832 502 1890 ut
532 1815 724 1892 Gabriello
756 1814 937 1890 Gabrielli
969 1816 1123 1892 Comitis
1147 1818 1234 1919 (²²),

141 1942 283 2016 Sanctis
299 1939 544 2014 Marmoehini
558 1939 639 2038 (²³),
660 1939 793 2043 Pyrrhi
809 1940 949 2043 Ligorii
962 1940 1029 2044 (²⁴)
1048 1969 1238 2046 nunquam

142 2068 182 2138 in
206 2063 335 2164 vulgus
362 2059 458 2137 edita
483 2061 667 2137 videntur.

244 2188 322 2262 Iam
353 2189 463 2289 igitur
492 2183 683 2262 Smetius
708 2185 964 2280 nominandus,
999 2192 1063 2291 qui
1087 2215 1121 2265 a.
1142 2193 1237 2265 1665

190 2500 254 2582 (18)
279 2497 380 2562 Masi.
395 2497 461 2562 Oss.
473 2500 552 2561 Leti.
567 2500 642 2562 T.V.
656 2523 685 2582 p.
694 2513 770 2563 ssu:
787 2500 815 2564 ll
832 2499 928 2582 primo
942 2499 1019 2562 libro
1034 2499 1087 2562 che
1101 2499 1130 2563 le
1144 2501 1239 2562 nomi-

138 2595 221 2665 nasse
238 2601 271 2662 su
285 2610 316 2660 la
330 2608 398 2660 Vua
410 2609 442 2660 di
452 2607 483 2661 S.
491 2608 616 2679 waldo,
634 2603 698 2664 data
711 2600 791 2664 fuori
804 2613 853 2663 nel
865 2615 935 2666 1520
949 2603 994 2664 dal
1008 2605 1104 2665 Padre
1117 2608 1239 2682 Stesano

139 2713 171 2765 di
184 2711 335 2779 Cremona,
354 2699 505 2765 Canonico
519 2704 665 2788 regolare,
682 2704 704 2765 ii
717 2705 802 2786 quale
815 2715 845 2765 ν’
857 2711 946 2766 rirseri
958 2729 1068 2766 ancora
1079 2715 1146 2784 quel
1153 2731 1238 2783 pezzo

139 2817 216 2868 della
233 2825 313 2866 terra
330 2813 425 2864 taoola
441 2814 491 2864 cire
508 2812 708 2866 incommt'ncia
724 2814 890 2868 ίιἸιιιιενηιίιι1
900 2811 1019 2869 Diras.
1224 2841 1227 2848 .

191 2910 254 2989 (19)
281 2907 411 2970 Bonan
429 2905 461 2965 in
477 2903 555 2966 Add.
570 2908 606 2968 ad
621 2909 754 2990 Dempst.
771 2911 836 2970 Etr.
854 2909 930 2992 Reg.
948 2921 1060 2992 ptos,
1078 2909 1129 2990 qui
1146 2908 1239 2992 ipsum

143 3009 289 3088 exhibuit,
311 3020 378 3069 ante
397 3029 423 3069 a.
440 3008 510 3070 1540
533 3007 563 3068 id
587 3009 727 3090 scriptum
748 3029 809 3071 esse
830 3010 1051 3071 conclusionem
1073 3011 1143 3074 iacit
1160 3012 1241 3093 inde,

143 3111 257 3190 quods
237 3126 348 3185 septem
366 3111 397 3171 in
418 3131 455 3171 eo
475 3109 614 3171 dicuntur
631 3108 746 3171 tabulae
765 3117 885 3171 Etrus'
840 3137 897 3170 scas
919 3112 996 3173 notis
1014 3127 1153 3176 exaratae.

194 3209 256 3288 (²⁰)
281 3215 327 3272 De
345 3219 459 3272 nomim
472 3219 571 3286 Iguvii.
595 3211 743 3297 Lugduni.
770 3213 921 3295 Repetit.
911 3236 943 3273 111
957 3212 1035 3298 Opp.
1053 3217 1090 3279 T
1098 3219 1154 3279 III.
1171 3219 1239 3281 Per.

143 3320 225 3379 1577.
541 3339 543 3346 ’

192 3412 257 3493 (21)
282 3413 376 3490 Nihil,
396 3416 475 3496 quod
493 3417 591 3495 sciam,
609 3416 733 3500 amplius
751 3416 788 3480 de
807 3416 852 3480 his
870 3419 1007 3504 tegulis
997 3419 1136 3485 mnotuit

191 3517 255 3596 (22)
280 3515 397 3578 Floruit
409 3518 462 3578 sub
476 3519 526 3580 fin.
539 3539 614 3580 saec.
627 3537 678 3580 xv·
698 3518 735 3583 cf.
747 3519 837 3584 Rdcc.
851 3522 980 3606 d’opuse.
993 3520 1119 3588 scientis.
1133 3522 1240 3585 T.VII.

7 3583 9 3592 i
142 3625 223 3700 p.6s.
238 3630 268 3679 et
284 3619 392 3680 Bern.
405 3618 503 3680 Baid.
516 3621 617 3683 Divin.
631 3622 662 3682 iu
675 3609 748 3683 Ta'b.
761 3623 878 3707 Eugub.
891 3638 955 3706 Μ.

193 3720 255 3800 (23)
280 3721 397 3782 Floruit
419 3721 496 3783 circa
519 3724 596 3785 med.
610 3745 685 3786 saec.
697 3741 763 3786 xvt.
783 3738 813 3786 et
832 3726 946 3808 scripsit
964 3723 1123 3807 Dialogum
1141 3726 1241 3809 lingua

143 3822 310 3884 vernacula:
329 3828 505 3902 Defensrbne
517 3834 592 3886 della
605 3833 707 3916 lingua
720 3832 861 3887 Tuscana.
882 3825 959 3885 Vide
971 3825 1144 3885 Bonaroi.
1158 3845 1187 3904 p·
1195 3837 1239 3890 29.

194 3923 256 4002 (tt)
281 3924 358 4004 Vide
376 3927 559 3990 Muratori
578 3929 656 3992 Nor.
670 3929 760 3991 Thes.
773 3929 810 3988 T.
818 3929 843 3987 1.
856 3949 885 4005 p.
893 3936 937 3984 25.
