2558 4314
88 190 196 290 igitur
212 214 296 269 cum
308 187 494 272 Bonuou
508 207 545 268 et
560 189 699 270 Lanato
713 217 791 274 esse
804 184 1082 302 praemittendas
1095 203 1190 312 (²⁶⁰).

86 313 189 391 Inter
218 313 284 390 has
315 340 405 392 vero
437 319 533 418 ipsas
558 332 632 392 tres
656 333 783 420 partes*
804 318 1071 406 discernendae
1091 351 1189 427 sunt,

87 441 117 512 si
152 435 198 512 ad
237 454 423 514 externam
460 437 576 516 modo
611 441 768 519 formam
806 450 970 549 respicis.
1025 453 1192 533 Tabulae

88 561 184 666 apud
210 561 475 666 Dempsterum
497 592 526 642 1.
547 581 585 640 et
604 593 644 641 ιι.
675 565 838 645 eiusdem
862 585 1051 650 mensurae
1078 596 1190 684 atque
1247 573 1250 666 l

87 690 286 790 scrip.·1rae
311 715 388 763 uno
413 704 555 766 tantum
581 693 629 770 in¹
644 690 759 766 latere
785 697 977 798 inscriptae
1003 718 1088 777 sunt
1112 732 1190 782 am·
1247 671 1249 826 (

86 813 169 904 bae,
197 814 407 914 pariterque
426 829 553 914 quarta
570 815 695 891 tabula
713 844 865 919 prorsus
883 818 1060 925 adaequat
1078 832 1187 929 quin-

85 953 160 1010 tam
184 936 282 1036 (²⁶¹).
317 936 482 1012 ¹Priores
507 934 611 1014 ,duae
637 938 747 1040 louge
772 959 895 1020 tamen
920 950 1080 1024 minores
1105 969 1190 1028 sunt
1244 1007 1245 1010 ,

47 1156 48 1160 Ἰ
85 1060 242 1137 alteris.
275 1059 475 1164 Singularis
500 1077 616 1142 restat
634 1067 762 1156 tertia,
792 1095 885 1170 quae
912 1068 957 1146 ad
984 1101 1191 1170 mensuram

85 1187 182 1258 inter
205 1201 344 1262 ceteras
367 1183 532 1270 medium
557 1200 660 1265 tenet
685 1202 845 1296 utroque
871 1193 1022 1270 latere
1011 1204 1245 1304 mscripto

85 1308 215 1396 litteris
240 1326 363 1384 tamen
389 1337 437 1392 ex
458 1329 561 1414 parte
587 1311 739 1390 Latinis.
793 1313 850 1388 Ex
879 1315 936 1390 his
961 1324 1081 1398 tribus
1106 1353 1191 1428 par·
1248 1318 1250 1344 ²

84 1435 183 1508 tibus
212 1461 454 1537 unaquaeque
479 1435 689 1514 litterarum
705 1431 967 1512 Umbricarum·
989 1449 1191 1524 nonnullas

85 1558 234 1634 exhibet
259 1557 525 1668 discrepantias!
543 1575 580 1634 et
604 1563 775 1635 maximas
800 1557 947 1662 quidem
967 1565 1093 1640 tabula
1113 1584 1187 1644 ter-

83 1687 147 1775 tia,
178 1710 271 1785 quae
296 1683 357 1759 vel
380 1709 531 1786 prorsus
560 1711 698 1762 novum
725 1683 874 1762 exhibet
899 1688 1039 1788 signum
1064 1715 1099 1760 m
1125 1691 1186 1765 lit-

85 1824 185 1884 terae
210 1811 256 1900 Λ,
292 1804 392 1910 quod
420 1833 541 1911 neque
567 1813 607 1885 in
629 1809 783 1914 reliquis
808 1810 1010 1911 Eugubinis
1035 1810 1183 1906 tabulis,

84 1955 206 2034 neque
219 1931 312 2032 'ullo
337 1932 410 2008 alio
437 1937 476 2008 in
495 1951 751 2027 monumento,
781 1931 903 2038 quoad
929 1938 1052 2028 sciam,
1080 1961 1187 2039 repe-

84 2060 188 2133 ritur.
228 2056 335 2135 Hanc
354 2083 443 2135 vero
465 2064 601 2135 tertium
623 2045 778 2136 tabulam
801 2076 975 2160 postremo
995 2061 1070 2134 loco
1092 2063 1189 2136 inter

83 2181 254 2257 Etruscas
272 2181 470 2275 collocare,
494 2183 617 2276 nullus
632 2182 777 2260 dubito.
805 2183 901 2260 Nam
913 2201 1185 2287 praeterquam,

86 2304 188 2410 quod
213 2306 344 2385 litteris
368 2323 513 2382 exarata
538 2325 611 2402 est,
646 2311 918 2386 vestutioribus
937 2307 1039 2408 (²⁶²),
1078 2335 1189 2411 quam

84 2447 244 2523 ceterae,
280 2458 353 2504 una
385 2435 489 2506 inre
515 2429 691 2509 dialectus
717 2459 869 2535 quoque
893 2457 1115 2536 magnopere
1141 2429 1186 2509 ad
1241 2510 1245 2519 ,

83 2554 297 2628 Latinarum
315 2555 523 2628 tabularum
543 2554 740 2631 dialectum
758 2554 910 2632 accedit.
941 2555 1068 2650 Quum
1090 2561 1187 2630 enim
1253 2621 1254 2634 .

84 2697 203 2781 supra
218 2682 477 2771 notaverimus,
507 2677 700 2754 discrimen
726 2684 823 2756 inter
845 2685 1089 2784 antiquiorem
1112 2706 1181 2782 po-

85 2805 351 2903 sterioremque
371 2802 599 2882 Umbrorum
617 2803 814 2882 dialectum
832 2809 872 2882 in
892 2832 937 2881 eo
956 2807 1184 2910 potissimum

85 2942 288 2956 ——·-——

136 3015 215 3094 (²⁶⁰)
241 3013 398 3076 Lanzins
411 3019 518 3088 Saggrb
532 3015 568 3078 T.
577 3015 616 3076 Π.
629 3038 657 3098 p.
666 3021 728 3102 691.
742 3016 912 3098 suspicatur,
926 3014 1023 3076 eidem
1036 3013 1099 3075 sere
1112 3024 1188 3074 tem-

84 3117 152 3201 pori
171 3138 273 3178 omnes
291 3113 402 3178 tabulas
419 3119 611 3179 accensendas
631 3139 709 3196 esse,
730 3130 904 3200 propterea,
926 3117 1006 3198 quod
1025 3115 1188 3178 eorundem

84 3219 238 3282 bominum
256 3207 375 3281 nomina
393 3230 456 3280 tum
473 3219 504 3280 iu
518 3217 677 3296 Umhricis,
696 3232 758 3280 tum
777 3219 807 3279 in
821 3217 930 3280 Latinis
943 3219 1127 3301 reperiantur
1143 3229 1187 3276 ta-

84 3321 171 3386 bulis.
197 3322 264 3382 Hoc
277 3342 349 3384 vero
362 3334 566 3406 argumentum
580 3322 695 3384 nullum
708 3341 781 3398 esse,
797 3321 885 3400 infra,
898 3321 950 3383 ubi
963 3321 1001 3382 de
1013 3330 1184 3406 argumento

84 3423 301 3508 disputabimus,
314 3423 585 3486 demonstrabimus.
692 3465 698 3478 ι

104 3526 215 3606 (261)
241 3525 335 3587 Pass.
347 3532 451 3587 Paral.
469 3533 569 3608 p..307

68 3657 76 3664 ·
134 3629 215 3709 (2⁶2)
240 3629 345 3689 Lana.
359 3627 550 3700 SaggaTuI
565 3639 670 3711 p.:285
690 3631 804 3702 Pajono
823 3634 856 3686 dt
872 3651 928 3686 uno
940 3644 1030 3687 stesso
1042 3637 1185 3684 carattere

56 3785 58 3790 .
85 3740 153 3792 Iar.
167 3751 234 3791 err.
252 3753 353 3806 presso
373 3735 545 3822 Dempstero
564 3737 596 3790 dt
613 3739 688 3790 altro
706 3736 813 3790 diverso
832 3738 864 3788 lu
880 3749 926 3788 ιν.
944 3751 960 3784 e
980 3747 1009 3786 r.
1048 3729 1101 3784 La
1120 3729 1185 3800 piu

84 3841 149 3892 ben
166 3839 304 3892 scritta
319 3839 335 3892 ὲ
351 3841 388 3892 la
401 3853 469 3904 m„
485 3839 520 3894 ai
534 3839 590 3892 ιη’
602 3839 786 3894 curaturi
798 3833 987 3897 Etruscus,
1003 3836 1033 3889 si
1043 3853 1079 3890 ne
1084 3831 1193 3905 'poclm

85 3938 193 4003 Latini,
210 3941 259 3994 chi
268 3941 411 4008 sieguono.
