2558 4314
617 11 652 138 2

92 197 286 292 ediderint,
312 197 504 302 diligenter
523 225 744 293 recenseam,
768 220 956 306 praeterea
978 207 1016 282 id
1039 235 1203 312 quoque

92 349 225 428 operae
250 327 410 426 pretium
430 322 510 397 fore
529 328 667 426 putavi,
696 330 821 427 paucis
842 353 1039 433 exponere,
1070 337 1200 407 cuius-

90 445 193 522 modi
211 446 348 521 fuerint
366 446 593 549 singulorum
613 450 766 523 istorum
789 447 847 526 bis
872 455 910 526 in
935 457 1044 529 rebus
1070 455 1200 556 studia

90 587 127 646 et
144 571 304 646 labores.
345 569 440 644 Nam
461 575 512 645 sic
532 570 680 646 demum
705 600 851 676 sperare
877 575 1016 670 licebit,
1045 605 1103 654 me
1133 607 1196 654 as-

89 711 316 787 secuturum,
351 691 413 787 ut,
449 693 551 797 quod
578 694 671 789 dixi,
707 723 824 802 paene
855 699 948 772 nihil
980 699 1069 774 dum
1095 701 1196 778 haec

88 817 207 894 studia
232 818 445 922 profecisse,
473 817 511 892 id
537 845 615 898 non
640 825 844 898 autminus
867 849 966 918 vere,
995 841 1057 900 aut
1080 823 1195 900 adro-

44 1025 46 1029 ·
88 947 228 1046 gentius
250 941 379 1017 dixisse
400 943 479 1016 aliis
497 941 640 1018 videar:
669 947 719 1018 sic
740 948 848 1019 etiam
868 947 959 1020 mihi
977 952 1192 1052 contigerit,

87 1084 141 1161 ut,
161 1069 299 1169 xquibus
320 1093 365 1140 ex
384 1070 515 1142 caussis
536 1071 583 1142 ita
603 1067 739 1141 factum
758 1072 816 1160 sit,
841 1086 878 1145 et
899 1063 988 1174 quid
1007 1075 1077 1175 ipsi
1096 1073 1193 1146 mihi

87 1196 127 1266 in
143 1189 389 1294 disputatione
407 1217 487 1265 mea
504 1194 735 1295 potissimum
753 1190 975 1290 evitandum,
999 1195 1087 1298 quid
1109 1201 1189 1272 eni-

85 1314 240 1390 tendum
263 1318 322 1407 sit,
350 1309 470 1390 statim
494 1318 540 1389 ab
563 1318 668 1390 initio
690 1315 821 1391 lectori
845 1321 989 1421 copiam
1011 1319 1187 1425 suppedi-

85 1443 193 1516 tarim
213 1436 449 1514 diiudicandi.
492 1437 605 1534 Quod
631 1443 662 1514 si
686 1440 797 1516 velin
821 1445 987 1518 universa
1005 1444 1187 1519 tractandi

85 1569 241 1656 ratione,
270 1563 331 1640 vel
356 1561 465 1637 etiam
490 1566 529 1638 in
554 1564 723 1657 consilio,
757 1562 846 1667 quid
873 1564 1029 1661 tandem¹
1047 1593 1091 1642 ex
1116 1568 1186 1644 illo

85 1703 325 1801 monumento
347 1713 473 1763 eruere
495 1713 681 1792 cuperem,
705 1693 913 1793 proposito,
939 1694 1073 1766 rectius
1094 1691 1184 1794 quid
1246 1685 1247 1720 ³

84 1813 216 1892 vidisse
241 1810 366 1889 videar
389 1811 461 1886 illis
487 1812 717 1906 hominibus,
752 1839 911 1916 quorum
938 1824 1088 1920 operam
1111 1819 1183 1891 iam

84 1962 273 2013 recensere
288 1940 338 2030 ‚in
364 1940 486 2026 animo
511 1953 579 2030 est,
608 1936 647 2011 id
672 1941 885 2040 neutiquam
911 1941 950 2013 in
971 1967 1053 2015 mea
1074 1938 1182 2021 laude
1246 1975 1247 2016 l

83 2059 312 2166 ponendum,-
338 2058 403 2134 sed
430 2087 539 2136 omne
563 2060 830 2152 accensendum
854 2087 930 2138 esse
953 2092 1066 2167 quum
1084 2064 1203 2158 litte·-

84 2214 219 2279 rarum,
242 2211 354 2288 quem
368 2184 482 2260 hodic
500 2190 652 2261 omnino
673 2203 889 2264 consecutae
908 2205 1005 2282 sunt,
1027 2188 1181 2264 feliciori
1246 2185 1247 2210 ¹

83 2314 204 2404 statui,
228 2326 306 2385 tum
329 2309 586 2415 illisinprimis
605 2313 691 2386 viris
711 2315 866 2386 maxime
885 2310 1063 2404 colendis,
1088 2338 1179 2414 quos

81 2424 340 2538 praeceptores
369 2433 459 2506 mibi
488 2451 525 2510 et
553 2433 663 2508 fuisse
695 2450 732 2512 et
755 2434 898 2510 futuros
930 2460 1009 2539 esse
1037 2461 1180 2538 semper

81 2556 317 2664 praedicabo,
343 2555 471 2660 quidni
489 2556 739 2665 lubentissime
758 2574 868 2662 atque
888 2584 933 2633 ex
952 2562 1073 2635 animo
1090 2587 1177 2663 pro·

81 2683 203 2760 fitear!
628 2697 631 2701 ’
1014 2735 1024 2746 1
1158 2729 1162 2736 ·

181 2807 348 2910 iguvium
368 2805 425 2903 (¹)
452 2803 679 2881 Umbrorum
704 2805 774 2880 fuit
798 2808 887 2899 urbs
912 2805 1010 2880 baud
1036 2808 1176 2911 ignobi-

80 2933 125 3006 lis
144 2932 203 3033 (²)
229 2934 324 3005 circa
348 2933 443 3003 viam
460 2929 676 3004 Flaminiam
694 2929 752 3030 (³)
779 2929 825 3004 ad
842 2931 1030 3035 Apennini
1046 2936 1176 3030 montis

130 3105 183 3198 (¹)
210 3117 309 3179 HodIe
330 3123 437 3178 Gubbio
455 3119 633 3206 appellatur,
653 3119 684 3180 in
704 3119 900 3208 Delegatione
920 3118 1064 3184 Urbiano
1084 3119 1175 3183 Status

79 3216 285 3279 Ecclesiastici.
451 3285 453 3294 s
524 3292 525 3296 Ἰ

130 3309 185 3400 (²)
210 3320 287 3380 Vide
302 3318 376 3384 Cic.
389 3344 444 3404 pro
457 3322 540 3385 Balb.
554 3336 632 3386 c.20.
653 3323 709 3404 Ep.
722 3323 759 3385 ad
771 3321 911 3401 Areva,
920 3337 964 3387 13.
986 3323 1086 3388 Caes.
1099 3326 1132 3384 Β.
1140 3323 1172 3384 C.

79 3421 104 3496 1,
121 3433 163 3486 12.
196 3423 272 3486 btv.
286 3423 379 3502 XLV,
392 3425 438 3488 le.
472 3425 537 3488 Sil.
554 3425 639 3490 Ital.
652 3427 736 3502 VIII,
750 3428 815 3490 leo.
848 3423 1173 3514 Plin.H.N.111,1t

79 3523 146 3600 XV,
156 3533 180 3589 7.
196 3525 307 3602 XXIII,
316 3527 362 3592 lo.
383 3525 538 3590 Ptolem.
556 3527 712 3595 strabi.
739 3527 788 3590 De
799 3529 965 3612 posteriore
978 3528 1074 3615 Iguvii
1085 3523 1193 3588 histo-'

78 3623 121 3706 rja
134 3626 201 3687 vide
214 3627 407 3712 Reposati:
424 3628 512 3689 Della
525 3631 618 3710 Zecca
632 3629 662 3690 di
676 3628 809 3711 Gubbio,
821 3631 853 3692 in
866 3631 1000 3718 Bologna
1014 3637 1095 3696 1772.
1107 3629 1132 3690 l.
1145 3640 1173 3690 et

80 3723 285 3802 Gu'ernieri
304 3729 431 3808 Berni,
453 3731 503 3811 qui
522 3729 636 3812 scripsit
651 3727 780 3792 Annales
795 3733 905 3814 patriae
924 3753 993 3800 suae
1008 3732 1044 3794 ab
1063 3751 1089 3800 a.
1098 3744 1171 3795 1350.

78 3829 114 3888 ad
127 3849 152 3890 a.
162 3829 241 3894 rim.
262 3830 295 3891 in
307 3831 414 3922 Seript.
428 3832 500 3893 Rer.
513 3833 550 3894 lt.
561 3831 720 3893 Volxxl.
733 3845 834 3914 p.919.
934 3911 939 3924 ,

128 3919 183 4010 (³)
208 3926 586 4014 Plin.fl.N.Xxl11,ls.
