2558 4314
635 47 690 132 36

113 234 217 327 olim,
245 237 350 310 utin
377 234 519 338 reliqua
545 235 664 329 ltalia,
694 241 743 314 ita
769 237 924 318 Romae
938 245 1061 322 solum'
1087 253 1124 325 in
1150 279 1215 326 usu

112 359 236 452 luisse,
257 357 347 432 mihi
363 384 577 462 persuasum
595 377 664 436 est.
711 361 848 439 Verum
868 369 915 441 ab
933 367 1008 446 hoc
1024 371 1111 449 inde
1128 389 1214 451 tem-

111 509 204 586 pore
236 507 354 586 aeque
385 499 496 586 atque
528 488 567 558 in
596 485 749 562 Etrusca
775 487 976 568 litteratura
1005 499 1035 571 C
1066 522 1213 601 prorsus

111 603 269 682 eundem
294 603 424 681 habuit
445 631 591 702 sonum,
621 637 732 713 quam
756 616 797 705 Κ,
828 641 941 717 quum
959 634 1107 722 praeter
1125 649 1213 726 pau.

110 733 250 804 sissima
280 731 344 805 illa
369 733 480 807 verba
506 734 646 836 ubique
673 737 701 810 C
731 734 978 835 adhiberetur,
1007 769 1128 846 neque
1155 749 1213 821 ul-

109 853 404 929 lum‘habeamus
419 852 609 950 indicium,
635 864 757 935 statim
777 887 797 936 a
815 867 942 966 primis
959 866 1100 969 linguae
1118 885 1214 944 tem·
1262 857 1263 868 ¹

109 979 263 1084 poribus
286 1005 315 1078 g
335 979 478 1054 litterae
504 980 637 1056 sonum
663 989 853 1062 exstitisse.
907 989 1072 1066 Maxime
1085 1009 1213 1068 contra

110 1104 237 1178 firisset
268 1105 464 1196 absonum,
505 1109 535 1179 si
566 1105 724 1181 Romani
757 1107 866 1184 huius
897 1113 1041 1195 litterae
1073 1115 1213 1190 nullum

66 1299 71 1310 ,
109 1231 265 1330 signum,
294 1225 358 1302 sed
383 1233 738 1331 pronuntiationem,
767 1231 865 1307 illius
891 1262 984 1315 vero
1016 1240 1092 1316 duo
1109 1243 1217 1343 ¹signa

110 1350 274 1426 eiusdem'
312 1349 527 1428 habuissent
560 1351 844 1458 significationis.
907 1362 935 1433 G
970 1367 1114 1464 signum
1148 1365 1216 1438 sub

109 1475 221 1550 linem
253 1479 371 1580 quinti
402 1478 537 1553 saeculi
567 1495 655 1581 post
682 1477 838 1551 Romam
871 1481 1059 1557 conditam
1086 1491 1217 1563 inven·
1257 1532 1258 1544 κ

109 1599 276 1700 tum(⁷⁹),
297 1625 420 1704 neque
441 1602 559 1676 multo
580 1601 732 1675 sortasse
750 1615 834 1674 ante
847 1627 959 1677 sonus
972 1631 1127 1707 quoque
1144 1609 1216 1681 hu-

108 1727 164 1798 ius
187 1723 332 1800 litterae
359 1725 551 1802 invaluisse
574 1721 731 1798 videtur.
785 1723 948 1801 Litterae
967 1753 1056 1804 vero
1077 1732 1099 1803 b
1117 1747 1154 1805 et
1171 1733 1213 1824 d,

109 1853 273 1952 quamvis
292 1849 416 1924 ethus
433 1873 510 1921 non
527 1871 645 1949 aeque
662 1846 876 1951 frequenter
893 1877 936 1925 ac
951 1879 978 1954 p
997 1867 1034 1926 et
1054 1856 1124 1927 tin
1139 1853 1213 1928 lin·

108 2000 177 2076 gua
196 1954 328 2048 Latina
346 1986 580 2074 usurpentur,
603 1953 810 2075 primitivae
829 1990 952 2050 tamen
970 1973 1156 2051 videntur.

209 2097 348 2174 Verum
379 2098 488 2170 etiam
522 2094 654 2170 clarius
679 2099 718 2172 in
744 2125 868 2173 caussa
893 2115 1019 2174 nostra
1045 2111 1216 2202 repetere
1257 2033 1263 2154 l

107 2222 194 2297 licet
219 2205 432 2323 exemplum
454 2245 499 2294 ex
524 2224 713 2315 notissima
738 2225 1009 2325 permutatione
1033 2223 1215 2297 litteraes

107 2349 146 2421 in
164 2375 195 2438 r,
228 2371 338 2448 quam
356 2343 549 2449 permultis
575 2349 613 2420 in
638 2347 759 2421 verbis
785 2347 853 2420 sub
879 2345 991 2420 finem
1018 2350 1139 2448 quarti
1169 2348 1209 2420 ab

107 2470 210 2545 Urbe
242 2465 391 2544 condita
423 2469 559 2544 saeculi
589 2472 785 2571 incepisse,
816 2484 897 2542 tum
928 2468 1099 2563 aliorum,
1132 2486 1213 2544 tum

108 2587 298 2670 Ciceronis
324 2595 392 2696 (⁸⁰)
427 2597 512 2669 satis
550 2591 770 2667 confirmant
804 2595 1025 2668 testimonia.
1086 2591 1214 2688 Quare
1260 2601 1261 2663 l

107 2743 222 2821 quum
243 2744 395 2822 prorsus
421 2715 574 2792 eandem
599 2719 875 2791 conversionem
894 2745 914 2790 s
932 2717 1075 2792 litterae
1103 2722 1216 2793 etiam

106 2840 205 2949 apud
228 2846 327 2946 ipsos
347 2841 524 2933 Umbros,
553 2855 663 2942 atque
690 2827 738 2914 eo
762 2843 844 2944 ipso
869 2845 1048 2945 temporis
1074 2846 1209 2945 spatio,

107 2965 208 3071 quod
235 2970 331 3041 inter
351 2967 505 3042 Etrusce
532 2981 570 3039 et
595 2964 727 3040 Latine
753 2969 905 3069 scriptas
930 2966 1073 3040 tabulas
1099 2970 1216 3040 inter-

106 3095 223 3181 cessit,
239 3088 411 3166 accidisse
424 3115 512 3164 mox
524 3092 636 3182 uisuri
649 3093 770 3177 simus,
787 3086 876 3192 qsrid
889 3087 1049 3180 tandem,
1065 3117 1218 3194 quaeso,

107 3219 242 3308 obstat,
265 3219 462 3319 quominus
478 3211 625 3317 praeter
642 3213 737 3288 banc
754 3239 866 3286 unam
883 3202 1214 3315 linguaecommu·

107 3343 283 3415 tationem
309 3339 396 3414 alias
424 3364 574 3443 quoque
601 3335 772 3413 admissas
799 3362 877 3412 esse
905 3336 1119 3414 credamus?

106 3561 158 3622 sed
173 3565 278 3638 Caeso,
297 3565 366 3621 Kal.
373 3558 431 3622 'sed
447 3567 606 3637 calendae,
626 3568 662 3621 sl.
676 3565 764 3620 ιἰιᾰιἹι.
780 3559 893 3639 (Inter.
907 3559 1004 3641 Scip.)
1021 3555 1217 3617 sedecinum

106 3669 277 3741 utrumn,
289 3648 327 3722 'e
340 3655 511 3744 teroem,
530 3668 581 3723 oa.
596 3663 646 3724 sea
664 3667 791 3723 onum.

157 3765 221 3846 (⁷⁹)
248 3763 287 3826 ei.
300 3763 449 3827 Villois
462 3766 521 3825 Am
534 3764 575 3826 Π.
587 3785 617 3847 p.
625 3770 688 3831 167.
713 3761 883 3828 Scbncid.
896 3759 922 3836 l,
936 3771 962 3820 1.
974 3767 1074 3840 puio·
1094 3769 1216 3840 atquae

107 3864 182 3928 inira
195 3867 299 3928 dicam.

158 3968 221 4048 (⁸⁰)
246 3977 287 4026 ad
298 3971 404 4030 Fama'l.
418 3975 473 4044 Ep.
486 3969 540 4047 Ill,
553 3979 599 4030 21.
