2558 4314
518 501 843 652 rursusq
953 501 986 544 ⁵
1057 530 1093 556 ·'
1149 529 1167 583 ³

121 749 162 838 l.
203 752 400 869 Linguam
429 752 612 843 Latinam
648 779 747 840 non·
768 755 901 866 magis
926 782 1009 858 esse
1036 755 1218 864 mixtam,

177 860 325 1006 xquatit
354 892 637 984 Germanicam
663 892 947 992 Graecarum„
976 978 981 986 ,
1012 913 1015 926 ’

118 1029 163 1113 2.
204 1027 445 1117 Graecarum
470 1029 737 1120 dialectorum
757 1034 965 1126 historiam
994 1034 1120 1146 repeti
1143 1032 1222 1116 fere

205 1170 247 1251 in
275 1170 421 1283 linguis
452 1171 758 1260 Germanicis.
934 1189 937 1197 '

120 1299 165 1390 3.
206 1303 462 1395 Maximum
451 1315 557 1396 niter
574 1333 725 1397 veteres
744 1291 867 1426 atque
884 1312 1123 1396 recentiores
1142 1253 1222 1393 lin-

132 1475 299 1559 guas
335 1445 594 1536 discrimen·
582 1483 625 1535 rn
659 1481 725 1535 eo·
737 1453 917 1566 positum
951 1480 1050 1562 esse,
1089 1448 1219 1565 quod,

206 1587 372 1700 quaein
391 1588 471 1672 illis
491 1593 821 1676 terminationum
846 1589 1219 1702 valuitintegritas,

204 1725 248 1808 in
262 1725 324 1810 his
340 1724 571 1812 obstrictior
584 1729 805 1837 verborum
818 1729 1033 1814 collocatio
1048 1727 1192 1814 efficit.

120 1848 164 1946 4.
204 1863 444 1950 Particulam
467 1869 703 1981 privativam
726 1867 835 1985 apud
858 1868 1033 1956 Graecos
1059 1899 1085 1954 a
1110 1871 1223 1983 prin-

206 2005 313 2118 cipio
346 2037 469 2090 unam
506 2015 545 2086 ἄν
575 2008 714 2120 suisse3
751 2030 914 2121 ceteras,
947 2037 1048 2124 quae
1076 2010 1224 2121 reperi-

205 2164 337 2256 antur,
363 2145 508 2232 formas
525 2146 750 2232 secundum
769 2148 992 2263 euphoniae
1007 2148 1112 2260 leges
1127 2146 1222 2233 inde

205 2302 315 2367 nates
340 2314 439 2369 esse.

120 2417 164 2504 5.
205 2415 330 2532 Quod
362 2425 405 2507 in
442 2424 576 2538 lingua
609 2423 846 2511 Germanica
877 2425 1024 2510 saeculi
1051 2455 1151 2509 xrrr.
1182 2449 1224 2510 et

205 2587 301 2644 xrv.
340 2561 406 2647 lex
444 2563 563 2649 fuerit
596 2566 816 2678 negationis
849 2566 892 2649 in
924 2547 1064 2650 eadem
1092 2597 1224 2649 enun-

206 2697 370 2783 tiatione
394 2700 660 2816 duplicandae
690 2703 904 2819 (ne-nihl,
938 2714 1219 2818 ne-nieman‚
1274 2737 1276 2743 ⁴

205 2835 407 2950 rte-lein,
435 2841 527 2956 al),
557 2845 678 2928 huius
701 2844 798 2956 legis
821 2846 1017 2955 originem
1039 2867 1225 2960 repeten-

205 2973 299 3061 dam
322 3009 406 3064 esse
429 2979 481 3064 ab
510 2984 593 3096 ipsa
620 2984 841 3096 negationis
869 3004 1022 3096 natine,
1055 2991 1223 3100 quaein

206 3110 340 3230 lingua
360 3118 537 3206 Gothico
555 3124 706 3234 integra
726 3121 860 3206 adhuc
881 3124 1163 3237 conspiciatun

120 3241 164 3334 6.
206 3249 308 3336 Vasa
326 3256 493 3345 Etrusca
517 3292 600 3345 non
625 3264 839 3377 importata
866 3289 963 3374 esse,
994 3264 1224 3380 inscriptio-

204 3418 306 3473 num
336 3393 561 3483 litteratura
587 3376 832 3485 confirmari.

119 3512 163 3622 7.
204 3527 363 3614 Praeter
381 3503 554 3622 Romam
573 3539 666 3625 alias
685 3539 831 3624 multas
851 3538 987 3624 Italiae
1006 3539 1125 3628 urbes
1144 3576 1224 3629 nu-

204 3699 367 3754 morum
389 3678 514 3788 pretia
536 3708 620 3761 non
641 3678 817 3794 globulis
840 3699 1015 3793 tantum,
1042 3680 1122 3767 sed·
1136 3715 1223 3768 em-

163 3823 169 3833 ‘
205 3805 429 3898 blematum
458 3811 686 3901 diversitate
715 3815 955 3906 distinxisse.
