2558 4314
582 32 610 118 8

47 220 277 296 festinatione
305 222 437 315 laesae,
468 221 570 297 nulla
597 227 798 300 vastatione
824 225 939 302 aliave
966 224 1144 304 disturba·

45 349 147 419 tione
173 349 363 439 contritae,
393 348 540 439 fractae,
574 345 780 451 dissipatae,
809 347 873 423 sed
899 353 937 423 in
963 353 1144 428 subterra·
1248 360 1254 376 ²

45 495 115 544 nea
140 473 456 546 concameratione
482 473 725 577 propeloris
750 472 930 576 templum
956 479 1147 578 antiquum

43 619 119 666 una
143 597 339 696 repositae,
373 599 532 698 integrae
559 621 686 670 omnes
713 612 751 670 ct
775 596 852 671 fere
879 595 1013 672 nitidae.
1038 625 1145 703 repe-

44 720 202 808 riuntur,
231 744 357 792 nonne
374 735 417 792 ut
434 718 480 792 ad
506 744 698 794 numerum
726 747 875 823 quoque
901 707 1060 822 integrale
1087 750 1144 797 re·

45 843 247 942 ponantur,
280 868 338 916 res
366 847 469 945 quasi
494 845 571 946 ipsa
596 841 757 944 flagitare
783 842 949 920 videtur?
981 843 1069 938 Sed,
1103 862 1145 921 ut
1182 949 1186 958 ῃ
1233 933 1234 936 ¹
1266 838 1271 873 *³

48 962 217 1058 diximus,
246 969 420 1041 incertam
447 963 542 1040 hanc
568 992 646 1040 rem
672 957 925 1070 relinquimus.
976 968 1143 1045 Gratisst

46 1115 148 1160 mum
174 1115 271 1162 sane.
285 1089 434 1184 faceret,
466 1093 530 1193 qui
556 1093 605 1164 ita
632 1087 744 1164 dere
771 1089 969 1185 decideret,
998 1110 1054 1197 ut,
1080 1097 1144 1168 ubi
1206 1118 1210 1125 ·
1273 1117 1275 1126 ·

45 1226 223 1286 terrarum
254 1211 340 1286 illae
372 1210 465 1288 duae
495 1214 643 1288 tabulae
676 1201 875 1288 etiamnum
902 1215 1074 1311 laterent,
1107 1215 1145 1291 id

46 1335 276 1438 exploratum
300 1334 489 1412 indicaret.
1184 1415 1190 1424 ,

146 1456 243 1533 Sunt
272 1461 393 1555 etiam,
428 1466 491 1566 qui
517 1480 593 1536 octo
620 1463 756 1536 tabulas
780 1463 943 1565 repertas
968 1461 1142 1556 referant,

45 1598 88 1655 ut
114 1580 325 1676 Smetius,
359 1584 597 1679 Gruterus,
624 1584 808 1661 Merula.
864 1583 969 1678 Quos
996 1584 1145 1688 quidem

45 1709 85 1778 in
104 1729 267 1782 errorem
293 1706 436 1785 duxisse
461 1708 606 1788 videtur
629 1709 775 1784 tabulae
801 1713 931 1784 tertiae
948 1709 1143 1812 Dempste-

45 1833 167 1904 rianae
185 1858 269 1933 pars
289 1857 344 1926 ea,
378 1861 472 1936 quae
489 1826 629 1912 Latinis
649 1834 779 1909 litteris
796 1815 970 1939 inscripta
990 1850 1044 1908 est
1061 1831 1143 1934 (¹⁵),

46 1962 157 2056 quam
182 1956 245 2029 alii
272 1961 409 2061 quippe
437 1956 615 2036 diversam
641 1985 662 2032 a
682 1958 826 2062 reliqua
850 1958 975 2032 tabula
993 1959 1147 2032 Etrusco

45 2082 193 2181 scripta,
228 2097 393 2172 octavam
420 2083 654 2187 appellarunt
678 2083 857 2176 tabulam,
891 2083 967 2175 alii,
1001 2097 1043 2156 ut
1068 2085 1146 2185 ipsc

46 2201 239 2298 Gruterus,
269 2204 314 2279 ad
338 2207 550 2309 Euguhinas
577 2233 657 2282 eam
681 2211 867 2310 pertinere
893 2233 940 2280 ne
966 2220 1148 2281 noverunt

47 2325 209 2430 quidem.
255 2332 304 2404 Et
326 2331 417 2407 haec
443 2329 489 2407 de
516 2333 728 2408 inventione
754 2356 796 2402 ac
822 2352 990 2403 numero
1114 2343 1115 2346 ’

146 2435 385 2554 Exenzplarz'a
407 2457 605 2528 tabularum
630 2454 803 2553 descripta
829 2450 1081 2553 compluribus
1107 2453 1146 2524 in

45 2574 135 2648 locis
153 2574 402 2670 adservantur,
432 2603 591 2679 quorum
609 2602 723 2649 unum
745 2567 880 2650 Romae
898 2574 964 2676 (¹⁶.)
992 2574 1147 2649 alterum

52 2702 230 2773 Cortonae
247 2699 313 2800 (1⁷)
341 2697 522 2776 adservari
546 2699 702 2775 relatum
728 2698 825 2802 lego.

94 2926 157 3006 (15)
183 2926 280 2989 Minus
294 2927 371 2990 enim
384 2927 548 3010 probabile,
560 2927 639 3010 quod
650 2928 851 3012 Bourguet.
859 2925 937 2987 Bibl.
945 2925 1010 2986 Ital.
1020 2926 1056 2986 T.
1063 2925 1145 2986 XIV.

44 3039 107 3110 Μ.
121 3029 280 3118 suspicatus
299 3043 352 3109 est,
368 3030 495 3092 tabulam
509 3031 590 3092 istam
603 3029 747 3092 Faliscam
764 3030 843 3090 inter
856 3026 1024 3112 Eugubinas
1042 3033 1147 3088 nume·

45 3141 135 3191 ratam
149 3152 221 3208 esse,
235 3155 321 3214 quarn
334 3154 350 3194 a
362 3133 486 3217 Ligorio
499 3133 674 3214 suppositam
688 3153 761 3208 esse,
774 3130 926 3192 manifeste
940 3130 1149 3191 demonstravit
1252 3183 1255 3195 .

46 3231 210 3294 Olivieri
222 3233 253 3294 in
266 3241 375 3294 Esame
386 3245 434 3294 del
445 3239 559 3295 Bronzo
572 3239 749 3309 Lerpinbno.
767 3234 886 3294 Pesaro.
902 3240 993 3310 1771,
1005 3231 1145 3294 Lannio

45 3333 164 3414 quidem
180 3334 212 3394 in
229 3336 338 3420 Saggio
356 3338 553 3417 T.11.p.sss.
571 3336 677 3398 leviter
693 3335 787 3396 adhuc
805 3347 997 3418 repugnante.

95 3437 159 3518 (1⁶)
184 3435 820 3519 VideMuratoriNov.Tbes.T.Lp.xltV.
840 3433 1144 3514 Olivieril.l.p.xl.

97 3539 160 3619 (17)
185 3540 261 3600 Vide
279 3547 373 3612 Sugga·
388 3547 421 3600 di
432 3545 515 3600 Diss.
535 3542 644 3600 Accad.
665 3547 778 3600 corson.
797 3540 833 3600 T.
843 3541 868 3600 I.
885 3538 983 3600 Praef.
998 3550 1079 3616 p.x.:
1112 3532 1144 3592 Si

45 3661 172 3722 possono
190 3641 299 3703 vedere
322 3643 362 3700 fin
386 3642 421 3702 da
435 3624 530 3722 'quest’
550 3663 602 3702 ora
619 3641 670 3701 nel
688 3641 772 3702 nobil
791 3647 889 3700 Museo
904 3645 1055 3712 possedero
1070 3643 1145 3693 dall’

46 3746 220 3802 Arcademia
240 3742 284 3804 fra
301 3757 358 3803 etc.
376 3741 452 3803 oltre
471 3753 512 3802 un
529 3763 597 3805 raro
615 3743 784 3824 Esemplare
803 3740 880 3802 delle
898 3741 983 3800 citato
1000 3743 1101 3796 Tamte
1117 3743 1149 3795 di

50 3850 167 3920 Gubbrb,
184 3843 325 3924 impresso
343 3843 423 3906 nelle
437 3843 583 3929 Originali
597 3844 754 3908 medesime
767 3863 822 3926 per
834 3861 902 3902 eura
917 3839 965 3902 del
980 3839 1041 3927 sig.
1055 3839 1145 3920 Cap·

46 3945 135 4024 poni
145 3932 329 4008 Fiorcntino.
