2558 4314
604 27 657 113 31

15 209 17 300 l
82 241 224 302 tantum
243 219 290 296 ad
312 245 356 294 ea
373 235 540 321 tempora
565 215 694 288 referri
718 230 855 316 potest,
883 213 1019 316 quihus
1045 228 1187 288 ceterae

82 347 377 426 inscribebantur
400 340 563 418 tabulae.

191 476 230 572 2)
255 466 371 565 Quod
396 481 519 541 autem
541 461 684 536 Plinius
708 456 756 532 de
774 485 796 530 o
812 459 932 536 littera
956 459 1101 565 aliquot
1115 459 1188 534 Ita-

15 691 16 698 *
85 601 160 674 liae
174 596 322 700 populis
339 594 511 666 inusitata
527 597 806 675 commemorat,
825 579 863 656 id
881 611 1009 686 magna
1028 611 1072 661 ex
1084 599 1189 690 parte

15 749 16 800 ῖ
92 723 177 797 olim
205 735 354 826 praeter
380 745 402 790 o
426 715 468 786 in
495 707 633 784 medias
662 731 813 811 quoquc
844 706 983 782 litteras
1006 735 1084 784 non
1108 727 1188 785 tan·

88 863 163 921 tum
189 840 291 949 apud
317 839 470 940 aliquot
483 832 659 938 populos,
691 829 755 908 sed
781 857 850 937 per
874 847 992 908 totam
1015 831 1093 907 fere
1116 834 1189 908 Ita·

83 971 174 1044 liam
197 965 370 1054 valuisse,
399 958 488 1035 mihi
515 976 569 1034 est
593 956 802 1035 verisimile.

189 1091 243 1164 Et
269 1090 309 1159 in
332 1084 496 1160 Romana
519 1083 644 1186 lingua
671 1127 711 1140 -
737 1078 784 1156 de
811 1079 907 1162 Osca
933 1083 1033 1156 enim
1046 1105 1191 1154 monu-

15 1189 16 1194 Ἰ
85 1228 215 1291 menta
239 1226 414 1287 testantur
442 1253 481 1272 -
512 1236 535 1283 o
559 1208 695 1299 littera,
724 1209 755 1280 si
781 1209 932 1282 omnino
959 1229 998 1281 a
1005 1207 1192 1311 principio

86 1340 239 1428 exstitit,
265 1340 407 1439 parcius
437 1350 562 1410 tamen
587 1328 845 1406 adhibebatur.
894 1329 1007 1426 Quod
1033 1356 1087 1406 ne
1108 1331 1191 1434 quis

84 1466 207 1572 statim
227 1462 419 1565 reprobari
436 1474 545 1563 putet
563 1456 687 1531 multis
706 1454 840 1545 verbis,
870 1478 964 1555 quae
990 1455 1082 1548 olim
1106 1481 1193 1530 cum

16 1621 17 1634 ¹
81 1617 117 1682 o,
147 1561 280 1692 postea
306 1612 390 1660 cum
412 1611 438 1657 u
461 1583 584 1656 littera
609 1583 744 1683 scripta
770 1603 790 1652 a
817 1562 1070 1655 Grammaticis
1095 1579 1191 1654 rele-

15 1777 16 1782 ,
79 1730 251 1788 runtur·
265 1712 351 1784 satis
378 1722 434 1782 est
458 1710 497 1779 in
525 1708 739 1781 memoriam
766 1701 964 1796 reduxisse,
1000 1702 1193 1812 quamdi

80 1861 234 1914 versum
252 1833 299 1904 ab
326 1827 405 1902 aliis
430 1829 563 1930 linguis
581 1829 753 1904 Romana
774 1828 970 1932 perfecerit
995 1855 1142 1902 cursum
1154 1831 1194 1902 in

15 2009 17 2062 ,
85 1981 150 2046 eo,
180 1950 299 2054 quod,
328 1977 443 2052 quum
461 1949 610 2055 delapsa
630 1957 704 2030 iam
724 1952 836 2028 fuerit
857 1955 896 2026 in
921 1951 1217 2056 pronuntiatio·'

15 2063 17 2138 ἶ
84 2081 159 2169 nis,
195 2090 238 2149 ut
263 2077 313 2147 ita
339 2071 470 2167 dicam,
499 2077 755 2178 negligentiam
781 2073 965 2179 quandam
990 2091 1028 2152 et
1051 2079 1193 2152 misticis

83 2219 224 2278 tatem-2
254 2201 327 2272 iam
345 2200 575 2300 ingeniorum
596 2201 749 2294 omnino
767 2203 906 2274 maiore
926 2199 1067 2275 cultura
1094 2204 1194 2278 inva-

85 2328 264 2415 lescente,
295 2337 332 2398 et
351 2325 518 2425 inprimis
545 2325 756 2426 cognitione
783 2338 892 2426 atque
917 2324 978 2410 vel
1003 2323 1082 2398 sola
1107 2327 1195 2400 vici-

86 2453 202 2524 nitate
229 2445 375 2550 linguae
403 2445 566 2524 Graecae
591 2445 638 2522 ad
665 2475 843 2523 summam
869 2447 1107 2530 subtilitatem
1131 2450 1196 2524 ab·

87 2573 388 2674 solutionemque
416 2571 615 2676 perductae
643 2576 746 2677 quasi
772 2572 973 2668 admonita,
1007 2569 1054 2648 ad
1079 2577 1194 2648 maio-

87 2723 167 2772 rem
186 2695 390 2796 sormarum
414 2700 658 2798 integritatem
682 2702 1055 2802 terminationumque
1075 2695 1193 2775 uber-

88 2836 202 2895 tatem
234 2815 355 2892 redire
386 2823 552 2914 tentavit,
587 2821 773 2928 exemplar
803 2821 1023 2926 plerumque
1053 2827 1195 2926 aptissi-

89 2967 191 3018 mum
222 2944 293 3016 sibi
321 2967 538 3047 proponens
564 2944 743 3019 Graecam
767 2949 884 3047 ipsam
909 2946 1084 3048 linguam.
1137 2949 1196 3022 Ita

90 3065 227 3139 iactum
247 3083 315 3159 est,
329 3082 384 3164 ut
410 3093 504 3170 quae
530 3067 606 3142 lere
633 3085 855 3144 evanuerant
877 3083 997 3150 tumc
1016 3073 1194 3174 scriptura

62 3286 66 3293 .
90 3206 172 3266 tum
192 3214 236 3263 ex
256 3215 320 3265 ore
345 3191 488 3268 litterae
513 3190 642 3267 finales
659 3220 691 3285 s,
712 3219 762 3285 m,
786 3221 820 3284 e,
849 3191 914 3286 al.‚
944 3221 1046 3268 suam
1070 3224 1195 3272 rursus

91 3310 320 3387 vindicarent
339 3312 564 3417 dignitatem,
593 3315 807 3420 multaeque
828 3323 1095 3396 contractiones
1114 3349 1194 3396 rur·

93 3463 152 3511 sus
183 3435 412 3512 solverentur
429 3440 510 3539 (⁷⁰).
564 3439 703 3538 Verum
732 3443 797 3545 qui
820 3451 944 3546 potuit
967 3444 1074 3521 aliter
1096 3444 1194 3539 fieri‚·

142 3641 171 3721 (⁷
175 3641 204 3719 ⁰)
229 3641 421 3701 Monumenta
433 3640 605 3723 Scipionum
617 3663 703 3727 saepe
716 3644 854 3708 omittunt
866 3645 976 3710 litteras
990 3671 1006 3706 s
1017 3657 1047 3707 et
1059 3669 1091 3703 m
1106 3645 1195 3708 etiarn

93 3754 159 3807 ante
177 3753 384 3805 consonantes:
409 3749 545 3814 Surrenti),
568 3753 695 3807 damnare
702 3791 712 3817 ,
735 3753 881 3825 Scipione,
902 3755 1034 3815 Corsica,
1056 3753 1194 3816 Cornelio.
1246 3744 1249 3754 ’

93 3844 130 3906 al.
161 3845 197 3904 In
214 3845 354 3908 versibus
365 3846 548 3910 Hexametris
565 3849 654 3910 Ennii
667 3849 827 3929 etsslsucilii,
845 3851 876 3910 in
890 3848 1008 3909 comicis
1019 3849 1195 3932 tragicisque

93 3945 196 4009 sabulis
215 3946 345 4010 litteras
364 3961 432 4032 post
450 3975 470 4011 u
489 3963 519 4014 et
538 3959 558 4030 t,
578 3951 602 4015 si
615 3951 794 4035 positionem
814 3949 958 4024 efficeret,
978 3967 1065 4028 saepe
1084 3943 1195 4008 omitti·
1262 3985 1263 3990 κ
