2558 4314
182 578 187 605 ’
278 575 294 594 ’·
394 503 793 724 ¹crttuucunuu
823 577 1012 702 vitan.
1045 599 1091 610 ⁴·

246 799 449 886 ‚Circinus
469 795 701 888 thnnnous,
738 795 865 871 Caroli
881 794 997 870 *Petri
1025 795 1074 887 f.‚
1110 796 1271 870 Lersrus

159 953 194 997 a.
206 922 247 996 d.
263 947 302 994 x.
319 919 400 996 Cal.
416 922 495 996 Ian.
513 925 599 995 anni
614 901 800 998 uriacens
815 919 1024 1021 Numburgi
1044 937 1264 994 natussum

159 1047 277 1120 Annis
289 1071 363 1140 ¹xm
377 1031 786 1120 interlamiliarnbene
805 1045 1039 1150 frequentem
1060 1041 1162 1118 domi
1175 1041 1265 1118 edu-

159 1185 261 1244 catus
285 1165 322 1244 et
340 1169 482 1272 puerili
491 1155 662 1244 doctrina
682 1167 942 1272 apaedagogis
962 1172 1261 1258 iustitutnssum,

158 1291 366 1396 usquedum
398 1298 559 1369 maturus
592 1292 749 1388 viderer,
782 1297 847 1396 qui
871 1292 1083 1367 ‘in-Schola
1108 1292 1262 1369 Protin·

158 1411 925 1496 ciali³Portensiserenorum-studiorum
952 1443 1098 1491 cursum
1123 1420 1262 1519 incipe·

97 1595 100 1606 .
155 1569 248 1618 rem.
269 1569 273 1602 ¹
294 1541 945 1626 Verumno'n·smdicrumwftant'um·
963 1568 1109 1644 gravem
1134 1538 1261 1644 mode-

155 1667 354 1759 ratricem,
384 1665 463 1740 non
479 1665 628 1760 *sirium
661 1683 805 1742 tantum
826 1651 1045 1768 ‘mentisque
1069 1681 1263 1740 ‘strenuam

156 1793 455 1883 exercitatricem,
479 1787 543 1864 sed
564 1794 682 1865 omnis
703 1795 813 1892 etiam
831 1795 926 1866 vitae
939 1789 1087 1864 Almam
1104 1790 1262 1863 Matrem

155 1911 324 2016 profiteri
340 1912 492 1989 Portam
510 1918 589 2018 ipse
610 1919 716 2017 gestit
734 1920 888 2008 animus,
914 1918 978 2018 qui
996 1940 1262 2020 saepenumero

157 2064 241 2110 cum
272 2053 370 2140 grata
401 2041 537 2142 piaque
562 2036 820 2114 recordatione
846 2038 979 2114 recolit
1003 2065 1097 2132 eam,
1133 2065 1257 2141 quam,

155 2177 302 2264 practer
321 2166 550 2239 severitatem
569 2161 804 2266 disciplinae,¹
819 2166 928 2237 etiam
945 2163 1176 2266 benignitatis
1194 2189 1263 2265 per

155 2289 266 2362 vitam
285 2289 503 2388 gratissimae
522 2292 736 2364 suavitatem
755 2288 832 2362 illic
856 2303 1034 2391 expertus.
1052 2303 1119 2360 est.
1159 2287 1262 2359 Inter

154 2412 243 2484 istos
262 2426 397 2503 autem,
426 2438 567 2486 summa
587 2389 715 2490 omnes
739 2415 875 2515 pietate
901 2408 1129 2488 venerandos
1153 2437 1258 2514 prae-

151 2550 336 2637 ceptores,
366 2562 482 2609 unum
502 2541 710 2612 nominasse
730 2553 888 2612 certe-
908 2539 973 2638 qui
993 2538 1092 2610 enim
1114 2532 1259 2638 praedi-

152 2683 235 2732 care
261 2645 516 2732 sustineam-
535 2667 676 2738 animus
701 2661 874 2766 impellit,
905 2664 1006 2736 cuius
1029 2662 1259 2736 immaturam

151 2797 310 2857 mortem
329 2808 471 2874 omnes,
494 2786 774 2889 quibuscunque
792 2789 894 2878 vixit,
917 2811 1061 2859 summo
1078 2785 1182 2858 luctu
1195 2782 1258 2858 de-

152 2907 353 3006 ploramus,
381 2906 563 3010 Langium
582 2905 680 2982 dico.
707 2953 746 2966 -
778 2906 852 2983 Sex
873 2912 977 2982 annis
1001 2908 1258 3012 praeterlapsis

153 3026 304 3104 ePorta
327 3029 591 3125 discedentem,
622 3048 659 3108 et
684 3030 927 3135 philologiam
952 3031 1173 3136 professum,
1201 3037 1256 3108 in·
1277 3073 1278 3076 ¹

150 3153 278 3254 primis
303 3153 467 3258 dignum,
498 3159 562 3260 qui
588 3153 633 3262 ad
660 3157 791 3231 altiora
815 3155 1022 3230 litterarum
1048 3156 1167 3231 studia
1192 3155 1254 3230 ad-

151 3279 329 3369 mitterer,
357 3307 416 3354 me
443 3297 677 3357 censuerunt.
730 3280 938 3358 Conversus
963 3284 1074 3383 igitur
1096 3284 1258 3385 primum

54 3425 61 3436 ·
149 3405 189 3476 in
206 3397 443 3478 Academiam
463 3405 707 3510 Lipsiensem,
733 3408 973 3510 grammaticis
992 3422 1072 3481 tum
1091 3408 1256 3509 inprimis

152 3529 370 3628 criticaeque
390 3533 459 3602 arti
480 3554 632 3633 operam
659 3527 758 3625 dedi,
789 3535 973 3634 egregium
997 3555 1083 3604 sane
1109 3533 1255 3604 intuens

40 3713 42 3716 ,
153 3649 372 3754 exemplum.
418 3651 491 3728 Per
511 3676 648 3730 annum
666 3657 720 3730 ibi
744 3671 919 3748 versatus,
949 3651 1083 3748 deinde
1105 3652 1253 3745 Gottin-

151 3794 233 3869 gam
260 3795 318 3850 me
345 3781 524 3873 converti,
559 3781 625 3853 ubi
650 3783 747 3855 inter
770 3777 963 3856 Seminarii
987 3779 1094 3882 Regii
1120 3794 1158 3856 et
1183 3776 1253 3854 So-

150 3894 289 3970 cietatis
305 3895 555 4007 Philologicae
574 3901 718 3981 sodales
737 3921 918 4011 receptus,
940 3932 1009 4011 per
1026 3903 1119 3981 duos
1138 3929 1254 3980 annos

1021 4077 1024 4081 .
1031 4040 1052 4084 ἦ
