2558 4314
126 185 270 260 Ionicae
288 183 506 258 scriberentc
533 170 698 262 Εὔβωλιι
709 169 924 284 (Εὔβουλος),
934 182 994 273 sii
1006 179 1139 276 πολέμω
1156 185 1229 284 (τοῦ

17 309 19 324 ’
127 301 304 409 rebium),
336 298 471 405 icuo'rus
495 295 669 407 (isro'rms)
688 303 782 406 (²²⁴).
837 305 992 412 Semper
1021 333 1228 412 praecesse·

125 449 213 508 runt
242 449 363 508 autem
387 432 499 506 Iones
529 434 569 508 in
597 433 899 532 pronuntiatione
925 435 1093 513 subtilius
1120 462 1228 514 exco-

124 557 233 634 lenda
258 574 295 632 et
319 553 510 660 poliendo.
551 554 602 630 Hi
625 557 737 656 igitur
760 559 869 657 primi
891 573 964 634 tres
988 557 1230 642 distinxerunt

120 711 234 760 sonos
264 711 302 775 o,
340 707 366 753 u
380 696 434 754 „st
463 707 526 771 ue,
564 705 658 781 quos
691 681 809 758 tribus
841 683 949 756 etiam
980 686 1088 786 signis
1118 691 1230 788 primi

17 860 19 900 ,
118 808 363 910 designarunt
379 806 429 896 Ο,
449 807 533 894 ΟΥ,
549 807 596 877 Υ.
637 799 744 896 Quae
761 802 911 907 quidem
927 811 1104 911 scriptura
1121 813 1230 890 simul

17 929 19 940 '
107 962 208 1023 ,cum
238 930 542 1033 pronuntiatione
572 929 611 1001 in
634 927 756 1004 Attica
789 957 939 1034 quoque
968 930 1102 1010 deinde
1127 938 1228 1013 iuva-

117 1059 207 1132 luit.
258 1050 452 1126 Similllma
477 1051 646 1155 prolecto
673 1079 751 1128 non
775 1054 959 1132 scribendi
978 1073 1134 1153 tantum,
1163 1059 1228 1136 sed

119 1173 391 1286 pronuntiandi
418 1180 586 1252 transitio
613 1175 683 1252 fuit
709 1180 749 1253 in
772 1177 902 1258 littaris
928 1210 944 1254 a
970 1198 1007 1259 et
1032 1209 1076 1277 o,
1113 1212 1228 1287 quum

119 1305 216 1380 olim
233 1302 416 1409 legeretur
432 1327 548 1405 aeque
566 1303 844 1380 rescriberetur
860 1306 905 1396 ἐς,
927 1297 1060 1400 rouro,
1077 1308 1121 1384 al.
1136 1308 1227 1412 (²²⁵)

121 1427 249 1523 Quare
281 1429 353 1512 iam
381 1427 470 1502 licet
501 1443 685 1505 revertere
716 1424 888 1521 adeam,
925 1457 945 1504 a
972 1459 1043 1533 qua
1068 1434 1228 1535 profecti

116 1569 260 1644 sumus,
289 1556 521 1642 sententiam,
549 1568 713 1628 veterem
736 1555 797 1627 vir
816 1558 969 1656 reperim
959 1556 1148 1659 linguam
1167 1560 1227 1636 vel

116 1676 373 1765 dialectum,
363 1701 403 1748 m
424 1699 496 1773 qua
518 1699 586 1775 per
611 1675 756 1779 longius
780 1682 957 1781 temporis
983 1697 1062 1783 opat
1063 1686 1140 1758 ium
1164 1685 1225 1759 lit-

113 1815 282 1874 teratura
312 1820 392 1868 non
422 1812 583 1870 assecuta
613 1803 660 1876 sit
687 1807 996 1902 pronuntiationis
1020 1807 1227 1886 ubertmem

120 1931 161 1988 et
186 1915 438 1990 subtilitatem
492 1917 612 1998 Simul
635 1949 725 2000 vero
751 1932 961 2030 apparuisse
986 1929 1112 2025 credo,
1148 1959 1224 2037 quo

119 2041 202 2112 iure
227 2037 267 2116 V
292 2041 435 2140 rignum
458 2041 622 2147 Etrusci,
650 2046 830 2144 Umbrici,
860 2051 950 2134 Osci
973 2056 1161 2159 alphabeti
1186 2063 1226 2137 iu

69 2221 80 2228 .
119 2161 209 2236 loco
235 2188 313 2237 ιιι.
342 2169 543 2265 posuerim.

113 2625 234 2734 ,nn
272 2627 596 2754 nnuman,
639 2633 775 2772 ooo
813 2639 1191 2748 tuscanum

411 2795 580 2901 sonu
619 2804 934 2912 rnnonln.
1056 2816 1063 2833 ’
1190 2821 1194 2826 ·

604 3007 738 3033 ’ἧ

120 3097 168 3220 P
167 3167 378 3254 osteaquam
398 3155 556 3258 singulas
577 3165 823 3242 recensuimus
842 3166 994 3264 litteras,
1021 3196 1219 3277 earumque

116 3279 456 3378 pronuntiationem
476 3282 799 3385 exploravimus,
788 3317 860 3368 tam
878 3297 938 3372 cui
957 3301 1117 3400 tempori
1139 3315 1218 3388 turn

117 3399 257 3474 formae
289 3398 492 3478 litterarum
524 3422 601 3482 tum
630 3414 744 3514 ipsius
773 3414 917 3519 linguae
941 3425 1035 3500 ratio
1062 3426 1217 3501 maxime

116 3527 355 3616 conveniant,
388 3529 650 3630 inquirendum
678 3554 802 3618 restat.
856 3542 1062 3647 Apparebit
1093 3561 1215 3622 autem

117 3696 319 3712 m

166 3801 246 3881 (22⁴)
271 3803 520 3872 VideBoeckb.
537 3819 601 3876 CJ.
593 3839 644 3898 ..p
653 3819 715 3884 724.
815 3877 819 3886 ,

165 3902 244 3984 (²2⁵)
271 3903 428 3994 Gregor.
445 3911 617 3984 Korintb.
635 3920 681 3984 ed.
700 3919 847 3986 Sabaei.
864 3945 894 4006 p.
885 3935 965 3988 ..303
