2558 4314
607 18 659 107 15

88 219 248 324 phabeto
267 208 524 320 constituendo
544 205 745 282 nonnullos
762 205 870 283 Baldi
894 230 1037 282 errores
1060 231 1182 284 emen·

89 343 197 435 davit,
225 355 262 414 et
280 351 533 440 argumentum
548 331 616 432 (²⁹)
646 329 907 424 „Communes
927 359 1010 407 eum
1035 331 1184 436 populis

88 466 245 544 finitimis
269 457 491 567 pactiones’'
516 457 671 560 putavit.

186 590 372 664 Hactenus
397 585 604 673 Bonarota,
637 581 701 682 qui
730 579 786 682 (Ρ.
800 582 904 678 101.)
937 583 1045 656 etiam
1072 579 1184 658 Cur·

90 719 193 791 tium
211 710 531 814 Inghiramium
549 704 614 805 (³⁰)
640 707 778 807 quippe
797 706 836 778 in
855 701 972 794 malae
993 720 1030 778 et
1053 703 1183 808 deplo-

60 845 184 913 ratae
221 857 368 910 caussae
407 845 619 932 argumento
636 844 638 854 ’
658 826 799 904 erudite
832 842 1017 910 versatum
1047 827 1183 904 laudat.

87 959 289 1042 Novithio
312 949 473 1030 tabulam
499 953 616 1030 solam
641 954 723 1029 aB.
751 950 871 1028 Baldo
899 950 1048 1044 editam,
1077 978 1188 1054 quem

87 1084 182 1160 nihil
211 1086 251 1154 in
277 1079 400 1155 tabula
425 1078 658 1171 intellexisse,
692 1103 814 1183 neque
841 1075 1044 1182 quidquam
1068 1079 1190 1180 ipsum

89 1221 128 1283 se
153 1209 260 1298 seire,
288 1203 392 1282 facile
417 1219 564 1308 poterat
589 1202 852 1278 demonstrare.

189 1331 267 1406 Iam
287 1355 377 1406 vero·
400 1332 496 1404 intra
520 1353 659 1432 paucos
685 1352 800 1402 annos
824 1323 1043 1430 prodienmt
1066 1324 1188 1401 homi-

85 1482 151 1532 nes
171 1456 272 1530 omni
290 1479 376 1529 suae
397 1457 523 1529 aetatis
544 1450 710 1527 doctrina
730 1449 975 1544 eruditissimi,
998 1451 1187 1554 Bourgue-

84 1585 169 1674 tius,
193 1576 352 1671 Gudius,
375 1577 526 1669 Gorius,
549 1574 759 1670 Olivierius,
780 1575 965 1669 Maffeius,
987 1574 1186 1668 Passerius,

84 1705 247 1796 Lamius,
274 1701 340 1794 al.,
372 1727 530 1804 quorum
555 1704 718 1775 omnium
743 1701 821 1776 fere
846 1715 1029 1775 certamen
1055 1703 1191 1776 exstitit

85 1835 125 1902 in
142 1855 198 1918 re,
222 1849 317 1928 quae
336 1829 409 1898 iam
427 1828 566 1927 patriae
584 1829 696 1928 magis
716 1851 827 1929 quam
844 1824 1047 1900 litterarum
1066 1850 1189 1900 caussa

84 1947 230 2024 reddita
254 1944 460 2023 videbatur.

189 2071 247 2144 Ex
258 2069 316 2143 his
327 2066 496 2147 Ludov.
512 2071 829 2173 Bourguetius,
847 2067 991 2148 tametsi
1006 2074 1190 2177 permulta

86 2221 184 2300 quae
202 2192 249 2270 de
275 2207 488 2296 argumento
513 2193 722 2282 tabularum
743 2198 975 2296 investigasse
1002 2197 1072 2271 sibi
1091 2200 1190 2274 visus

84 2321 154 2416 est,
182 2344 335 2424 prorsus
354 2345 446 2396 vane
463 2319 648 2396 fabulatus
670 2334 737 2413 est,
764 2345 881 2392 unum
895 2333 1027 2394 'tamen
1051 2323 1213 2422 primus·

82 2445 191 2539 vidit,
225 2440 325 2540 unde
344 2432 440 2521 'vere
471 2472 609 2538 novum
635 2447 733 2548 cepit
757 2447 1024 2520 incrementum
1048 2444 1190 2518 tabula-

84 2598 169 2644 rum
188 2569 406 2671 exploratio.
449 2567 667 2646 observavit
684 2572 870 2662 nimirum,
895 2568 1029 2643 tabulis
1049 2564 1191 2643 duabus

83 2694 216 2770 Latine
230 2696 441 2795 perscriptis
454 2721 565 2768 unam
578 2695 812 2769 Etruscarum
825 2693 1064 2798 respondere.
1095 2693 1192 2788 Qua·

84 2846 168 2892 rum
186 2819 461 2919 comparatione
477 2817 584 2898 facile
605 2834 683 2893 erat
700 2844 935 2920 cognoscere,
958 2845 1053 2920 quae
1067 2819 1191 2892 Etrus-

86 2947 139 3016 cis
170 2945 279 3043 signis
311 2938 465 3015 mirifice
495 2939 615 3014 adhuc
638 2945 774 3017 vexatis
801 2957 838 3016 et
862 2941 1057 3045 perperam
1081 2940 1189 3014 intel·

84 3065 192 3137 lectis
218 3063 370 3165 dignitas
399 3081 435 3140 et
458 3067 712 3165 pronuntiatio
738 3079 837 3138 recte
864 3067 1089 3140 conveniret.
1142 3066 1191 3141 Et

89 3190 254 3290 quamvis
268 3213 345 3262 non
356 3214 474 3291 pauca
487 3191 568 3276 sint,
583 3213 677 3290 quae
690 3192 729 3263 in
741 3186 940 3291 alphabeto
953 3214 1020 3262 suo
1032 3191 1190 3265 Etrusco

86 3306 315 3385 emendanda
340 3312 418 3388 aliis
447 3314 654 3415 reliquerit,
689 3315 843 3432 marimo
868 3328 991 3388 tamen
1018 3340 1062 3388 ex
1085 3331 1190 3418 parte

87 3439 287 3508 etiamnum
318 3452 460 3510 rectum
490 3452 601 3540 atque
633 3435 861 3539 exploratum
891 3437 1020 3512 haberi
1049 3455 1187 3540 potest.

87 3559 181 3646 Tres
199 3558 257 3631 his
278 3555 453 3633 derebus
473 3558 743 3636 dissertationes
763 3564 914 3638 inseruit
938 3566 1055 3666 operi,
1087 3559 1188 3666 quod

86 3687 289 3698 0——

155 3740 185 3786 29

136 3735 202 3917 {Ml
226 3746 366 3902 llillllso
379 3839 410 3900 di
423 3838 560 3905 Curtio
573 3837 777 3926 Inglt'irami
791 3863 878 3924 sopra
890 3840 909 3901 l'
923 3837 1105 3920 oppositioni
1117 3840 1190 3902 fatte

83 3938 133 4001 all'
144 3936 294 4002 Antistio
308 3942 451 4044 Toreane.
470 3943 635 4007 TrattNss
651 3945 735 4028 Risp.
746 3945 808 4006 llo.
824 3942 905 4003 Flor.
915 3941 996 4000 1645.
1015 3951 1041 4000 8.
