2558 4314
609 11 670 150 53³

8 227 9 232 Ἰ
87 257 250 334 medium
268 261 425 332 tenuisse
451 251 717 362 videturinter
742 281 761 324 r
786 271 822 329 et
846 234 891 346 d,
918 255 1186 355 magistrumn,

86 401 129 459 ut
146 380 305 496 uidetur,
335 377 512 482 accedens
532 375 577 452 ad
603 377 631 450 d
655 376 825 452 litteram.
870 375 1026 453 Prorsus
1052 393 1186 469 autern,

87 621 277 704 dialectorum
290 623 323 684 in
335 639 400 710 -nt,
419 646 486 690 -cz,
505 645 570 689 -cs,
591 643 641 680 -es
660 619 820 682 desinente.
833 621 836 626 ’
850 619 911 680 Iam
929 618 1073 681 &cerrita
1091 618 1191 702 lingua

91 749 147 790 non
158 739 272 789 tantum
286 747 322 787 ex
334 722 481 799 adiectivi,
501 723 552 784 sed
570 720 657 784 etiam
676 742 710 782 ex
727 720 909 804 pronominis
921 721 1124 806 interrogatiri
1137 722 1189 782 de-

18 873 21 878 ι
92 829 247 891 clinatione
259 843 335 910 met,
353 841 404 903 eft,
420 821 493 909 Q
505 825 583 905 (kas,
596 829 644 892 ka,
657 825 730 905 Ιιὺη)
750 824 854 886 reiecit
874 823 1042 908 lingualem,
1062 821 1190 904 quamvis

86 931 117 992 in
131 929 297 1012 composito
307 927 426 1008 quidem
436 922 534 1012 arffirt
541 928 752 1007 (datschtsctiir,
763 947 810 1002 an,
823 926 908 1006 num)
921 925 1105 1007 superstitem
1117 943 1190 1000 esse,

85 1035 178 1096 docet
196 1034 311 1111 Bopp.
332 1031 401 1110 (Gr.
417 1034 452 1091 L.
472 1023 591 1090 Scnscr.
615 1030 697 1091 Fasc.
710 1031 736 1088 1.
756 1049 819 1114 reg.
828 1037 892 1095 273.
914 1029 994 1109 tal.)
1032 1027 1068 1087 In
1087 1025 1191 1087 Latina

85 1153 209 1217 quoque
222 1132 323 1215 lingua
335 1129 404 1193 solis
415 1143 503 1194 restat
514 1131 545 1192 in
558 1131 796 1214 pronominibus:
817 1138 854 1199 id,
867 1139 951 1208 quod,
964 1135 1040 1207 quid,
1054 1136 1140 1196 istud,
1154 1135 1189 1187 s'l-

9 1273 10 1285 .
88 1245 149 1303 lud,
162 1242 252 1302 aliud,
266 1245 296 1296 et
308 1253 345 1294 ne
357 1233 387 1295 in
401 1233 535 1296 omnihus
548 1235 677 1316 quidem,
692 1255 780 1313 quum
793 1255 848 1316 pro
862 1240 948 1308 ι’ριιιᾰ
959 1232 1071 1294 dicatur
1084 1238 1189 1307 ipsum.

9 1332 10 1346 ¹
89 1339 126 1398 In
138 1336 299 1399 vocabulis:
317 1343 360 1396 ita
373 1347 403 1398 et
415 1345 509 1397 alluta
528 1331 587 1418 (ap.
600 1337 695 1397 Fest.
708 1335 728 1398 i.
742 1359 771 1417 q.
785 1335 884 1416 aliter)
903 1335 1140 1396 terminationem
1154 1331 1189 1390 in

88 1457 122 1501 ta
140 1440 370 1522 componendam
390 1459 452 1502 esse
470 1460 538 1500 curn
552 1437 723 1500 Gothorum
741 1449 848 1499 neutro
861 1429 938 1497 inta
949 1438 1016 1516 (ita,
1029 1447 1123 1514 chata,
1135 1432 1189 1512 al.)

86 1554 169 1604 acute
182 1541 385 1606 animadvertit
400 1543 488 1603 Max.
502 1541 668 1602 Schmidt
688 1539 719 1599 in
734 1529 976 1600 Commentatrbnc
997 1549 1031 1598 de
1049 1545 1187 1598 Pronum.

87 1651 198 1706 Gracco
210 1664 238 1706 et
250 1650 357 1705 ιαιίηο
370 1643 483 1721 (Helle,
497 1654 576 1704 1832.
589 1627 697 1726 pst).
725 1641 845 1703 Graeca·
856 1641 965 1726 lingua,
983 1653 1017 1702 nt
1035 1639 1155 1703 omnino
1171 1659 1187 1699 a

83 1747 191 1809 finibus
211 1746 390 1821 verborum,
414 1743 454 1804 ita
473 1743 630 1827 lingualem
649 1766 665 1806 a
684 1743 908 1826 pronominibus
929 1764 1046 1825 quoque
1065 1741 1188 1813 abiecit;

72 1850 218 1912 ,nondum
232 1858 329 1914 autem
342 1844 517 1924 pronomina
529 1830 569 1916 ri,
587 1829 634 1918 ri,
652 1826 747 1919 ἄλλο,
769 1828 859 1919 αὐτό,
876 1846 914 1907 al.
927 1845 1041 1908 solitam
1053 1843 1189 1906 adiectiri

8 2009 9 2016 ,
84 1946 378 2008 terminationem-t
398 1959 582 2027 receperunt.
615 1947 713 2024 Quam
731 1950 850 2030 quidem
869 1947 1033 2028 vlitteram,
1052 1947 1101 2010 vel
1113 1971 1144 2006 m
1156 1945 1188 2004 iu

85 2047 236 2110 Sanscrita
256 2044 417 2126 Latineque
437 2047 553 2132 lingua,
578 2049 609 2109 in
630 2061 767 2112 neutrum
789 2031 939 2133 irrepsisse
965 2069 1000 2112 ex
1022 2048 1188 2110 accusativo

81 2148 240 2214 masculini
264 2147 398 2232 generis,
423 2170 470 2211 res
494 2161 538 2210 est
562 2149 651 2211 hodie
673 2151 739 2212 satis
759 2164 829 2213 nota
852 2151 905 2231 (ci.
927 2151 1073 2213 Grimm.
1096 2154 1148 2211 Gr.
1161 2149 1187 2209 1.

81 2275 113 2336 p·
123 2264 187 2317 825.
206 2252 319 2332 Bopp.
338 2254 389 2311 Gr.¹
403 2274 427 2313 r.
436 2263 499 2313 122.
518 2253 548 2312 ei
559 2255 704 2312 Athundl.
715 2261 766 2312 der
776 2256 857 2314 Berl.
873 2259 962 2315 Acad.
977 2257 1057 2315 1826.
1077 2256 1188 2311 Histor-

83 2363 189 2417 Ptrr'lol.
202 2359 319 2414 Klnssc.
339 2374 369 2434 p·
381 2361 424 2419 72.
438 2354 513 2433 ts),
541 2374 614 2435 quae
635 2355 721 2416 etiam
742 2355 929 2418 confirmatur
947 2355 1032 2432 inde,
1058 2354 1137 2435 quod
1157 2352 1188 2412 in

82 2457 185 2520 Latina
202 2456 302 2541 lingua
316 2468 419 2536 postea
436 2456 591 2518 accusativi
609 2457 776 2520 terminatio
797 2479 859 2521 non
877 2469 988 2518 tantum
1007 2456 1039 2517 in
1051 2468 1188 2517 neutrum

80 2557 248 2644 singularis,
268 2559 320 2618 sed
339 2559 424 2620 etiam
438 2558 470 2619 in
483 2547 693 2623 nominativum
706 2559 857 2622 masculini
871 2571 1044 2640 ceterosque
1058 2557 1188 2636 omnium
1235 2631 1238 2638 ,

83 2681 228 2748 generum
248 2679 328 2721 casus
346 2677 465 2741 prorsus
483 2661 642 2744 stultique
662 2662 778 2741 insedit,
798 2661 837 2724 ita
851 2674 898 2739 ut,
918 2683 991 2744 quae
1009 2661 1188 2723 Romanicae

85 2765 223 2826 dicuutur
235 2761 363 2846 linguae,
383 2774 551 2826 constanter
562 2784 617 2846 per
628 2777 719 2827 totam
734 2765 959 2827 declinationem
971 2775 1112 2847 usurpent
1122 2763 1188 2826 Ro-

86 2887 238 2928 manorum
255 2863 459 2942 accusativum,
476 2877 538 2928 tum
557 2867 588 2927 in
606 2867 755 2952 singulari,
773 2867 886 2931 abiecta
906 2868 1024 2949 quidem
1042 2867 1140 2930 littera
1156 2889 1188 2924 m

87 2999 132 3013 -
151 2987 223 3047 quac
241 2957 348 3028 reititit
365 2961 478 3028 tantum
496 2963 531 3027 in'
547 2969 769 3054 Francogallico
788 2969 895 3032 verbor
913 2963 975 3045 rico
992 2970 1012 3032 i.
1024 2990 1051 3031 e.
1064 2993 1125 3029 rem
1142 2979 1187 3028 at·

88 3087 146 3149 que
158 3066 188 3127 in
200 3067 303 3131 Italico
315 3093 411 3145 speme
428 3103 469 3117 -
485 3082 548 3131 tum
566 3070 597 3131 in
615 3072 721 3153 plurali
738 3093 863 3135 numero
876 3070 1094 3157 Francogallica
1107 3082 1187 3148 certe

8 3177 9 3180 ’
87 3182 119 3231 et
131 3169 293 3250 Hispanica.
307 3171 498 3251 (Deformis,
512 3173 611 3254 quales
623 3172 655 3234 in
668 3174 767 3260 lingua
778 3174 890 3236 Italica:
907 3198 1018 3252 genere,
1031 3192 1104 3252 ente,
1117 3181 1187 3255 quas
1270 3163 1271 3226 l

87 3271 222 3335 doctrina
234 3268 397 3351 hominnm,
416 3275 478 3346 non
496 3276 599 3358 populi
617 3295 713 3340 sermo
728 3299 762 3338 cx
774 3275 904 3340 ablativis
917 3277 1056 3343 Romanis
1067 3278 1188 3340 indocte
1270 3299 1271 3330 Τ

86 3373 207 3458 repetiit
233 3371 300 3434 ride
317 3374 419 3437 Dies.
434 3379 519 3447 Berl.
539 3383 644 3439 Jahrb.
666 3391 745 3442 1831.
764 3378 872 3458 uta).
911 3377 1009 3456 Quam
1027 3379 1187 3442 formarum
1269 3403 1271 3458 t

8 3543 9 3564 ἶ
87 3474 318 3540 commistionem
332 3477 397 3538 satis
414 3490 526 3540 mature
545 3479 648 3542 saetam
669 3500 742 3559 esse,
761 3481 923 3564 permultae
936 3480 1129 3564 comprobant
1140 3476 1186 3538 in·
1270 3471 1271 3538 i

86 3579 258 3660 scriptiones
269 3575 399 3656 Latinae
410 3580 492 3660 (vide
513 3580 618 3650 Grut.
631 3588 697 3660 Iud.
714 3588 850 3646 Gramm.·
861 3611 886 3647 s.
899 3611 928 3648 v.
942 3607 1028 3646 casus
1040 3580 1186 3660 mutatu).
1269 3585 1271 3654 J

88 3681 192 3742 Caussa
204 3700 287 3757 vero,
304 3681 401 3741 curin
415 3682 514 3767 lingua
526 3683 680 3764 Senserita,
694 3685 931 3765 GraecmLatina
942 3688 1035 3768 ipsum
1049 3695 1197 3746 nentrum*
1269 3673 1271 3716 ³

76 3782 243 3867 ,lingualem
261 3782 389 3844 litteram
406 3797 466 3846 tam
483 3786 603 3869 antiquo
622 3799 756 3872 ternpore
774 3789 918 3864 amiserit,
943 3798 976 3846 ut
993 3784 1187 3876 necessarium
1268 3829 1271 3882 3

88 3885 179 3947 visum
191 3884 238 3962 sit,
255 3885 339 3948 aliam
352 3887 588 3953 terminationem
600 3889 632 3951 in
645 3891 708 3954 eius
719 3891 815 3954 ricem
828 3886 985 3960 subiicere,
1004 3904 1066 3944 non
1079 3885 1185 3943 exalto

88 3987 157 4049 mihi
178 3989 336 4071 repetenda
356 3990 484 4056 videtur-¹
520 3992 677 4058 Nimirum
692 3994 753 4075 ipsa
772 3986 874 4050 Latina
893 3983 992 4066 lingua
1017 3977 1187 4060 persuadeas
