2558 4314
66 201 234 274 nubatur.
289 197 344 270 Ex
372 195 554 288 eforma,
587 213 629 270 ut
658 195 755 298 apud
782 194 996 272 Phoenices
1013 203 1166 304 'quoque

71 325 160 400 ‘alex
178 322 219 414 q,
248 317 344 423 apud
365 316 529 396 Graecos
546 317 680 395 deind'e
702 338 780 396 orta
809 337 863 396 est
890 324 929 414 R,
959 349 1073 425 quam
1090 324 1167 400 Ro·

67 449 165 522 mani
189 460 421 547 recepertmt.
476 446 620 520 Etrusci
648 471 794 548 semper
818 450 1049 522 retinuerrmt
1063 452 1169 524 eius·

68 570 152 644 dem
181 568 453 671 significationis
479 571 505 646 ‘l
533 575 651 662 etG,
678 569 812 645 Umbri
843 569 1004 648 diversae
1030 573 1168 674 signifi-
1271 627 1272 656 ÷

68 696 235 786 cationis,
265 719 390 813 quam
401 699 510 769 etiam
531 691 620 769 Osci
644 713 846 771 servarunt.
881 696 926 770 In
944 695 1081 770 Latinis
1102 724 1167 770 au-

67 836 143 894 tem
167 823 301 893 nostris
325 796 459 893 tabulis
480 817 506 895 ‘l
527 803 664 892 littera·
672 823 888 922 exprimitur
911 846 979 923 per
998 817 1096 894 duas
1106 819 1166 895 lit·
1270 807 1272 838 ¹

68 947 163 1018 teras
184 945 248 1036 RS,-
278 941 379 1044 quod
398 967 524 1020 revera
541 967 636 1016 ιιοιι
628 969 793 1043 prorsus
819 941 994 1020 accedere
1019 943 1164 1022 videba—
1271 1017 1272 1046 3

68 1085 129 1142 tur
146 1065 204 1140 vad
230 1066 434 1142 Romanam
458 1067 488 1140 d
509 1065 680 1156 litteram,
711 1065 774 1140 sed
802 1067 964 1144 medium
991 1069 1167 1173 quodam·
1271 1057 1272 1080 ³

69 1189 183 1266 modo
201 1207 327 1266 tenere
352 1193 492 1266 interr
515 1207 553 1264 et
576 1217 607 1283 s,
636 1189 714 1263 fere
738 1207 781 1264 ut
800 1190 934 1266 Graeci
960 1221 986 1266 ιι
1011 1195 1170 1270 litteram
1270 1287 1271 1294 ἵ

69 1314 318 1418 significabant
348 1340 417 1417 per
447 1342 469 1387 o
502 1329 539 1388 et
568 1342 596 1388 v
626 1316 855 1404 coniunctas,
891 1313 952 1389 vel
985 1334 1028 1391 ut
1057 1318 1171 1393 hodie
1270 1381 1272 1410 ,

70 1428 259 1519 Graeciss
291 1439 451 1513 litteram
481 1463 550 1540 per
574 1465 601 1529 μ
626 1454 663 1511 et
687 1463 727 1528 π,
761 1461 904 1538 nosque
935 1441 1006 1539 ipsi
1037 1467 1172 1514 sonum
1271 1481 1272 1486 ι

71 1559 256 1666 quendam
273 1562 478 1666 simplicem
494 1579 564 1666 pe'r
580 1587 632 1660 ng
645 1558 885 1663 designamus.
920 1561 1049 1635 Blaeaa
1064 1589 1172 1666 quae-

70 1683 154 1760 dam
185 1687 248 1762 illa
275 1688 300 1763 ‘l
328 1687 448 1762 littera
474 1686 703 1787 Umbrorum
733 1685 820 1777 suit,¹
851 1711 944 1787 quae
978 1684 1169 1789 quomodo

53 1809 117 1886 ‚ad
136 1811 340 1886 dlitteram
359 1812 419 1888 vel
436 1837 455 1886 s
474 1811 657 1914 simulque
683 1808 729 1884 ad
751 1839 771 1882 r
793 1807 966 1884 accedere
991 1792 1167 1913 potuerit,

71 1939 183 2038 magis
201 1935 404 2038 intelligere
421 1961 628 2038 possumus,
639 1938 683 2044 ,⁸³
700 1949 925 2036 reputamus,
947 1933 1073 2010 Italiae
1088 1932 1173 2035 (¹²⁸)

72 2076 110 2135 et
136 2055 311 2136 Graeciae
330 2059 413 2162 (¹²⁹)
428 2095 429 2102 ι
442 2059 550 2134 aliam
572 2088 592 2131 r
607 2059 764 2134 litterae.
776 2062 1117 2162 pronuntiationem
1134 2063 1176 2134 in

71 2211 140 2258 usu
165 2181 288 2278 fuisse,
318 2210 429 2287 quam
453 2184 621 2288 plurimis
646 2183 865 2294 Germaniae
890 2183 1054 2286 populis.
1099 2185 1174 2256 Ex-

71 2326 187 2385 trema
220 2313 317 2384 enim
345 2309 468 2412 lingua
492 2305 618 2412 palato
645 2305 790 2380 admota
816 2299 1055 2409 proferebant
1075 2305 1176 2382 hanc

72 2417 245 2527 litteram,
276 2459 368 2535 quae
387 2434 495 2507 nobis
520 2429 707 2533 gutturalis
732 2433 843 2532 magis
870 2446 937 2522 est,
968 2456 1079 2534 quam
1104 2431 1196 2505 lin-ss

74 2554 201 2659 gualis.
254 2553 309 2630 Ita
335 2558 444 2631 etiam
473 2558 511 2628 in
536 2553 703 2629 Romana
728 2553 851 2656 lingua
878 2552 1093 2658 explicanda
1119 2573 1176 2632 est

125 2813 205 2897 (¹²⁸)
229 2816 312 2877 Haec
324 2815 390 2895 suit,
409 2815 446 2877 de
460 2838 516 2899 qua
534 2817 615 2878 Ter.
630 2817 788 2880 Scaurus
807 2827 925 2899 ρ.2251.
939 2815 1027 2895 dicit,
1047 2824 1175 2877 letdet

74 2943 90 2978 r
109 2931 140 2980 et
156 2943 171 2977 s
190 2939 275 3002 saepe
293 2919 325 2981 in
343 2939 396 2982 ore
415 2920 556 2981 confundi
570 2932 599 2984 et
617 2919 695 3000 „qui
709 2944 726 2980 r
738 2919 901 3001 exprimere
914 2939 974 2981 non
987 2917 1108 3001 possint,
1127 2929 1178 2979 aut

75 3021 199 3084 Idicere
209 3034 260 3085 aut
271 3022 314 3084 s.”
339 3022 460 3101 Eadem,
473 3024 510 3085 de
525 3044 580 3104 qua
593 3024 635 3084 de
650 3023 792 3104 Hayter
804 3021 835 3082 in
847 3027 1021 3093 Disstug.
1034 3030 1075 3080 ad
1086 3026 1175 3082 Herc.
1208 3019 1210 3023 ’
1270 3055 1271 3102 p

75 3135 158 3204 psas.
171 3146 201 3185 ιι.
211 3137 253 3188 18.
270 3125 518 3207 „Neapolitanam
531 3125 714 3207 plebeculam
726 3126 762 3186 ad
776 3123 854 3186 hunc
866 3124 942 3186 diem
960 3143 1045 3206 saepe
1059 3146 1076 3182 r
1088 3145 1143 3204 pro
1157 3132 1180 3182 d
1270 3121 1271 3147 ¹

28 3304 30 3309 Ι
75 3245 225 3306 usurpare,
236 3227 370 3307 adeoque
388 3249 444 3310 pro
457 3233 606 3287 Meduana
618 3225 809 3309 pronuntiare
822 3226 994 3288 Muronna.”
1015 3225 1053 3287 cs.
1066 3224 1176 3286 Muel.

76 3333 140 3389 Etr.
154 3328 179 3389 1.
192 3350 221 3410 p.
230 3339 275 3396 29.
306 3329 426 3407 Eadem,
445 3351 530 3410 quam
549 3341 582 3390 ut
599 3350 615 3391 a
635 3328 784 3392 veteribus
803 3327 907 3406 iberis,
924 3328 963 3390 ita
975 3311 1012 3389 alr
1026 3325 1176 3388 hodiernis

76 3430 258 3492 vasconibus
281 3452 347 3491 cum
369 3441 390 3490 d
411 3429 508 3494 littera
527 3431 699 3494 commutari
719 3428 776 3494 W.
795 3431 839 3492 de
859 3429 1061 3492 llumbuldt
1082 3425 1178 3488 refert

76 3535 258 3612 (Urbewohn.
270 3537 395 3608 Hispan.
413 3555 441 3614 p.
453 3534 523 3612 82),
541 3534 592 3615 qui
606 3534 643 3596 de
656 3532 853 3617 Bengalorum
867 3553 985 3615 qnoque
997 3528 1124 3590 dlittera
1137 3529 1177 3593 ei·

76 3634 146 3694 mile
161 3635 270 3717 aliquid
283 3635 380 3697 laudat
391 3655 426 3695 en
439 3634 604 3697 wilkins
620 3643 682 3696 Gra
683 3661 752 3697 mm.
766 3642 891 3696 Sanskr.
904 3657 968 3717 p.
942 3649 968 3696 8.

128 3736 228 3814 (¹²9)
225 3737 385 3819 Dionys.
399 3743 486 3796 cho
469 3761 545 3812 amp.
558 3747 639 3799 verb.
649 3739 730 3799 XIV.
744 3750 831 3821 p.:98
851 3759 881 3794 το
872 3725 964 3819 dlp
987 3726 1104 3856 (cpcpip
1106 3734 1176 3856 εἷκε)

77 3827 596 3924 τῆςγλῶσσηςᾶκραςᾶπορραπι
545 3832 879 3912 απιζοόσηςτὸπνεῦμα,
894 3825 1025 3921 mlcpds
1037 3831 1177 3921 τόνοῦρα-

68 3932 122 3996 viv
140 3931 253 4014 ἐγγυς
271 3943 337 3998 τοῖν
357 3929 550 4002 ὃδὸντων’
531 3931 717 4010 ανιςοιμὲνηςυ
