<?xml version="1.0" encoding="UTF-8"?>
<!DOCTYPE html PUBLIC "-//W3C//DTD XHTML 1.0 Transitional//EN"
    "http://www.w3.org/TR/xhtml1/DTD/xhtml1-transitional.dtd">
<html xmlns="http://www.w3.org/1999/xhtml" xml:lang="en" lang="en">
 <head>
  <title>
</title>
<meta http-equiv="Content-Type" content="text/html;charset=utf-8" />
  <meta name='ocr-system' content='tesseract 3.04.00' />
  <meta name='ocr-capabilities' content='ocr_page ocr_carea ocr_par ocr_line ocrx_word'/>
</head>
<body>
  <div class='ocr_page' id='page_1' title='image "./detabuliseugubi01lepsgoog_0016.png"; bbox 0 0 2558 4314; ppageno 0'>
   <div class='ocr_carea' id='block_1_1' title="bbox 653 36 713 126">
    <p class='ocr_par' dir='ltr' id='par_1_1' title="bbox 653 36 713 126">
     <span class='ocr_line' id='line_1_1' title="bbox 653 36 713 126; baseline 0 0"><span class='ocrx_word' id='word_1_1' title='bbox 653 91 658 100; x_wconf 92' lang='lat'><strong>·</strong></span> <span class='ocrx_word' id='word_1_2' title='bbox 684 36 713 126; x_wconf 88' lang='lat'>5</span> 
     </span>
    </p>
   </div>
   <div class='ocr_carea' id='block_1_2' title="bbox 62 229 1249 3702">
    <p class='ocr_par' dir='ltr' id='par_1_2' title="bbox 77 229 1249 1448">
     <span class='ocr_line' id='line_1_2' title="bbox 148 229 1249 330; baseline 0 -26"><span class='ocrx_word' id='word_1_3' title='bbox 148 235 270 306; x_wconf 71' lang='lat' dir='ltr'><strong>tertius</strong></span> <span class='ocrx_word' id='word_1_4' title='bbox 288 233 405 328; x_wconf 77' lang='lat' dir='ltr'><strong>agae&#39;tur</strong></span> <span class='ocrx_word' id='word_1_5' title='bbox 420 251 554 327; x_wconf 75' lang='lat' dir='ltr'><strong>annm,</strong></span> <span class='ocrx_word' id='word_1_6' title='bbox 584 253 635 304; x_wconf 83' lang='lat' dir='ltr'><strong>ex</strong></span> <span class='ocrx_word' id='word_1_7' title='bbox 652 255 724 330; x_wconf 86' lang='lat' dir='ltr'><strong>quo</strong></span> <span class='ocrx_word' id='word_1_8' title='bbox 745 231 886 302; x_wconf 70' lang='lat' dir='ltr'><strong>illamam</strong></span> <span class='ocrx_word' id='word_1_9' title='bbox 911 229 1007 312; x_wconf 77' lang='lat' dir='ltr'><strong>duce</strong></span> <span class='ocrx_word' id='word_1_10' title='bbox 1034 229 1077 304; x_wconf 90' lang='lat' dir='ltr'><em>V</em></span> <span class='ocrx_word' id='word_1_11' title='bbox 1072 232 1193 304; x_wconf 71' lang='lat' dir='ltr'><strong>enasib</strong></span> <span class='ocrx_word' id='word_1_12' title='bbox 1212 235 1249 304; x_wconf 82' lang='lat' dir='ltr'><strong>in</strong></span> 
     </span>
     <span class='ocr_line' id='line_1_3' title="bbox 77 351 1248 430; baseline -0.003 -1"><span class='ocrx_word' id='word_1_13' title='bbox 77 387 80 394; x_wconf 91' lang='grc'><em>·</em></span> <span class='ocrx_word' id='word_1_14' title='bbox 146 358 432 430; x_wconf 83' lang='lat' dir='ltr'><strong>Armamentan&#39;o</strong></span> <span class='ocrx_word' id='word_1_15' title='bbox 463 353 612 427; x_wconf 83' lang='lat' dir='ltr'><strong>Ducalis</strong></span> <span class='ocrx_word' id='word_1_16' title='bbox 638 351 773 424; x_wconf 78' lang='lat' dir='ltr'><strong>Palatii</strong></span> <span class='ocrx_word' id='word_1_17' title='bbox 790 357 896 426; x_wconf 74' lang='lat' dir='ltr'><strong>&#39;inter</strong></span> <span class='ocrx_word' id='word_1_18' title='bbox 924 358 1102 426; x_wconf 69' lang='lat' dir='ltr'><strong>rarissimu</strong></span> <span class='ocrx_word' id='word_1_19' title='bbox 1132 363 1248 428; x_wconf 78' lang='lat' dir='ltr'><strong>cusso-</strong></span> 
     </span>
     <span class='ocr_line' id='line_1_4' title="bbox 146 459 1247 581; baseline -0.002 -28"><span class='ocrx_word' id='word_1_20' title='bbox 146 459 306 579; x_wconf 81' lang='lat' dir='ltr'><strong>diuntur,</strong></span> <span class='ocrx_word' id='word_1_21' title='bbox 327 494 507 580; x_wconf 81' lang='lat' dir='ltr'><strong>tanquam</strong></span> <span class='ocrx_word' id='word_1_22' title='bbox 524 476 686 578; x_wconf 87' lang='lat' dir='ltr'><strong>pretiosa</strong></span> <span class='ocrx_word' id='word_1_23' title='bbox 705 473 888 576; x_wconf 80' lang='lat' dir='ltr'><strong>caligantis</strong></span> <span class='ocrx_word' id='word_1_24' title='bbox 907 474 970 550; x_wconf 92' lang='lat' dir='ltr'><strong>sed</strong></span> <span class='ocrx_word' id='word_1_25' title='bbox 988 475 1165 581; x_wconf 84' lang='lat' dir='ltr'><strong>pulchrae</strong></span> <span class='ocrx_word' id='word_1_26' title='bbox 1184 503 1247 552; x_wconf 90' lang='lat' dir='ltr'><strong>an-</strong></span> 
     </span>
     <span class='ocr_line' id='line_1_5' title="bbox 136 596 1246 706; baseline -0.003 -28"><span class='ocrx_word' id='word_1_27' title='bbox 136 606 322 706; x_wconf 85' lang='lat' dir='ltr'><strong>tiquitatis</strong></span> <span class='ocrx_word' id='word_1_28' title='bbox 347 613 597 696; x_wconf 84' lang='lat' dir='ltr'><strong>monumenta,</strong></span> <span class='ocrx_word' id='word_1_29' title='bbox 626 622 668 672; x_wconf 92' lang='lat' dir='ltr'><strong>ac</strong></span> <span class='ocrx_word' id='word_1_30' title='bbox 689 596 854 672; x_wconf 87' lang='lat' dir='ltr'><strong>Tabulae</strong></span> <span class='ocrx_word' id='word_1_31' title='bbox 873 599 1089 701; x_wconf 85' lang='lat' dir='ltr'><strong>Eugubinae</strong></span> <span class='ocrx_word' id='word_1_32' title='bbox 1112 627 1246 680; x_wconf 87' lang='lat' dir='ltr'><strong>vocan-</strong></span> 
     </span>
     <span class='ocr_line' id='line_1_6' title="bbox 147 721 1247 818; baseline 0 -18"><span class='ocrx_word' id='word_1_33' title='bbox 147 742 218 801; x_wconf 87' lang='lat' dir='ltr'><strong>tur.</strong></span> <span class='ocrx_word' id='word_1_34' title='bbox 246 771 250 781; x_wconf 73' lang='lat'><em>›</em></span> <span class='ocrx_word' id='word_1_35' title='bbox 277 725 433 800; x_wconf 89' lang='lat' dir='ltr'><strong>Delatae</strong></span> <span class='ocrx_word' id='word_1_36' title='bbox 467 721 617 796; x_wconf 84' lang='lat' dir='ltr'><strong>fuerunt</strong></span> <span class='ocrx_word' id='word_1_37' title='bbox 641 725 688 796; x_wconf 83' lang='lat' dir='ltr'><strong>&#39;in</strong></span> <span class='ocrx_word' id='word_1_38' title='bbox 721 746 801 796; x_wconf 90' lang='lat' dir='ltr'><strong>eam</strong></span> <span class='ocrx_word' id='word_1_39' title='bbox 834 723 965 818; x_wconf 78' lang='lat' dir='ltr'><strong>&#39;urbem</strong></span> <span class='ocrx_word' id='word_1_40' title='bbox 997 750 1017 797; x_wconf 89' lang='lat' dir='ltr'><strong>a</strong></span> <span class='ocrx_word' id='word_1_41' title='bbox 1048 725 1247 801; x_wconf 88' lang='lat' dir='ltr'><strong>clarissimo</strong></span> 
     </span>
     <span class='ocr_line' id='line_1_7' title="bbox 144 838 1247 950; baseline -0.002 -23"><span class='ocrx_word' id='word_1_42' title='bbox 144 838 239 942; x_wconf 79' lang='lat' dir='ltr'><strong>viro,</strong></span> <span class='ocrx_word' id='word_1_43' title='bbox 266 865 310 922; x_wconf 90' lang='lat' dir='ltr'><strong>ut</strong></span> <span class='ocrx_word' id='word_1_44' title='bbox 329 846 517 922; x_wconf 89' lang='lat' dir='ltr'><strong>nobilibus</strong></span> <span class='ocrx_word' id='word_1_45' title='bbox 541 859 671 920; x_wconf 88' lang='lat' dir='ltr'><strong>eorum</strong></span> <span class='ocrx_word' id='word_1_46' title='bbox 696 863 908 950; x_wconf 89' lang='lat' dir='ltr'><strong>temporum</strong></span> <span class='ocrx_word' id='word_1_47' title='bbox 924 845 1151 950; x_wconf 89' lang='lat' dir='ltr'><strong>Antiquariis</strong></span> <span class='ocrx_word' id='word_1_48' title='bbox 1174 866 1247 924; x_wconf 89' lang='lat' dir='ltr'><strong>tra-</strong></span> 
     </span>
     <span class='ocr_line' id='line_1_8' title="bbox 148 968 1248 1073; baseline 0 -26"><span class='ocrx_word' id='word_1_49' title='bbox 148 973 325 1047; x_wconf 89' lang='lat' dir='ltr'><strong>derentur</strong></span> <span class='ocrx_word' id='word_1_50' title='bbox 354 968 660 1073; x_wconf 82' lang='lat' dir='ltr'><strong>interpretandae,</strong></span> <span class='ocrx_word' id='word_1_51' title='bbox 700 986 737 1044; x_wconf 92' lang='lat' dir='ltr'><strong>et</strong></span> <span class='ocrx_word' id='word_1_52' title='bbox 765 970 854 1045; x_wconf 90' lang='lat' dir='ltr'><strong>licet</strong></span> <span class='ocrx_word' id='word_1_53' title='bbox 877 973 982 1050; x_wconf 91' lang='lat' dir='ltr'><strong>brevi</strong></span> <span class='ocrx_word' id='word_1_54' title='bbox 1014 970 1248 1050; x_wconf 82' lang='lat' dir='ltr'><strong>remittendas</strong></span> 
     </span>
     <span class='ocr_line' id='line_1_9' title="bbox 144 1095 1247 1201; baseline 0 -31"><span class='ocrx_word' id='word_1_55' title='bbox 144 1097 263 1183; x_wconf 49' lang='lat' dir='ltr'><strong>fuisse,</strong></span> <span class='ocrx_word' id='word_1_56' title='bbox 290 1096 508 1196; x_wconf 83' lang='lat' dir='ltr'><strong>promiserit,</strong></span> <span class='ocrx_word' id='word_1_57' title='bbox 543 1119 612 1168; x_wconf 91' lang='lat' dir='ltr'><strong>nec</strong></span> <span class='ocrx_word' id='word_1_58' title='bbox 636 1095 755 1187; x_wconf 87' lang='lat' dir='ltr'><strong>brevi,</strong></span> <span class='ocrx_word' id='word_1_59' title='bbox 784 1123 850 1168; x_wconf 82' lang='lat' dir='ltr'><strong>nee</strong></span> <span class='ocrx_word' id='word_1_60' title='bbox 874 1097 949 1170; x_wconf 63' lang='lat' dir='ltr'><strong>‘ullo</strong></span> <span class='ocrx_word' id='word_1_61' title='bbox 975 1123 1135 1201; x_wconf 82' lang='lat' dir='ltr'><strong>unqtmm</strong></span> <span class='ocrx_word' id='word_1_62' title='bbox 1161 1113 1247 1170; x_wconf 81' lang='lat' dir='ltr'><strong>tem·</strong></span> 
     </span>
     <span class='ocr_line' id='line_1_10' title="bbox 144 1219 1248 1326; baseline 0.005 -36"><span class='ocrx_word' id='word_1_63' title='bbox 144 1245 231 1321; x_wconf 81' lang='lat' dir='ltr'><strong>pore</strong></span> <span class='ocrx_word' id='word_1_64' title='bbox 251 1219 429 1294; x_wconf 63' lang='lat' dir='ltr'><strong>sedarunt</strong></span> <span class='ocrx_word' id='word_1_65' title='bbox 452 1224 490 1292; x_wconf 81' lang='lat' dir='ltr'><strong>in</strong></span> <span class='ocrx_word' id='word_1_66' title='bbox 514 1223 713 1293; x_wconf 69' lang='lat' dir='ltr'><strong>societatem</strong></span> <span class='ocrx_word' id='word_1_67' title='bbox 738 1219 889 1294; x_wconf 73' lang='lat' dir='ltr'><strong>alibrum</strong></span> <span class='ocrx_word' id='word_1_68' title='bbox 914 1237 1061 1323; x_wconf 78' lang='lat' dir='ltr'><strong>septem,</strong></span> <span class='ocrx_word' id='word_1_69' title='bbox 1090 1249 1184 1326; x_wconf 77' lang='lat' dir='ltr'><strong>quae</strong></span> <span class='ocrx_word' id='word_1_70' title='bbox 1210 1226 1248 1296; x_wconf 85' lang='lat' dir='ltr'><strong>in</strong></span> 
     </span>
     <span class='ocr_line' id='line_1_11' title="bbox 145 1343 1157 1448; baseline 0.005 -32"><span class='ocrx_word' id='word_1_71' title='bbox 145 1359 276 1448; x_wconf 77' lang='lat' dir='ltr'><strong>secreto</strong></span> <span class='ocrx_word' id='word_1_72' title='bbox 297 1345 434 1416; x_wconf 70' lang='lat' dir='ltr'><strong>Pataui</strong></span> <span class='ocrx_word' id='word_1_73' title='bbox 454 1346 664 1418; x_wconf 85' lang='lat' dir='ltr'><strong>Communis</strong></span> <span class='ocrx_word' id='word_1_74' title='bbox 684 1343 857 1420; x_wconf 79' lang='lat' dir='ltr'><strong>Ambivio</strong></span> <span class='ocrx_word' id='word_1_75' title='bbox 874 1343 1157 1426; x_wconf 77' lang='lat' dir='ltr'><strong>,asservantur.,&#39;&#39;</strong></span> 
     </span>
    </p>

    <p class='ocr_par' dir='ltr' id='par_1_3' title="bbox 62 1465 1246 3702">
     <span class='ocr_line' id='line_1_12' title="bbox 145 1465 1246 1572; baseline 0.003 -33"><span class='ocrx_word' id='word_1_76' title='bbox 145 1515 150 1524; x_wconf 88' lang='lat'><strong>·</strong></span> <span class='ocrx_word' id='word_1_77' title='bbox 247 1466 347 1542; x_wconf 87' lang='lat' dir='ltr'><strong>Haec</strong></span> <span class='ocrx_word' id='word_1_78' title='bbox 362 1465 535 1542; x_wconf 86' lang='lat' dir='ltr'><strong>Concioli</strong></span> <span class='ocrx_word' id='word_1_79' title='bbox 547 1469 674 1559; x_wconf 90' lang='lat' dir='ltr'><strong>verba,</strong></span> <span class='ocrx_word' id='word_1_80' title='bbox 695 1469 842 1540; x_wconf 87' lang='lat' dir='ltr'><strong>maximi</strong></span> <span class='ocrx_word' id='word_1_81' title='bbox 857 1494 956 1572; x_wconf 88' lang='lat' dir='ltr'><strong>sane,</strong></span> <span class='ocrx_word' id='word_1_82' title='bbox 977 1472 1008 1544; x_wconf 91' lang='lat' dir='ltr'><strong>si</strong></span> <span class='ocrx_word' id='word_1_83' title='bbox 1017 1485 1146 1544; x_wconf 87' lang='lat' dir='ltr'><strong>tamen</strong></span> <span class='ocrx_word' id='word_1_84' title='bbox 1161 1495 1246 1546; x_wconf 86' lang='lat' dir='ltr'><strong>vera</strong></span> 
     </span>
     <span class='ocr_line' id='line_1_13' title="bbox 143 1579 1246 1697; baseline 0.002 -31"><span class='ocrx_word' id='word_1_85' title='bbox 143 1607 245 1685; x_wconf 87' lang='lat' dir='ltr'><strong>sunt,</strong></span> <span class='ocrx_word' id='word_1_86' title='bbox 278 1579 489 1684; x_wconf 80' lang='lat' dir='ltr'><strong>momenti,</strong></span> <span class='ocrx_word' id='word_1_87' title='bbox 510 1590 668 1683; x_wconf 91' lang='lat' dir='ltr'><strong>nullam,</strong></span> <span class='ocrx_word' id='word_1_88' title='bbox 708 1593 738 1666; x_wconf 90' lang='lat' dir='ltr'><strong>si</strong></span> <span class='ocrx_word' id='word_1_89' title='bbox 772 1589 874 1694; x_wconf 90' lang='lat' dir='ltr'><strong>quid·</strong></span> <span class='ocrx_word' id='word_1_90' title='bbox 892 1589 1022 1687; x_wconf 88' lang='lat' dir='ltr'><strong>video,</strong></span> <span class='ocrx_word' id='word_1_91' title='bbox 1057 1595 1246 1697; x_wconf 88' lang='lat' dir='ltr'><strong>scriptoris</strong></span> 
     </span>
     <span class='ocr_line' id='line_1_14' title="bbox 94 1705 1243 1820; baseline 0.004 -33"><span class='ocrx_word' id='word_1_92' title='bbox 94 1773 96 1787; x_wconf 92' lang='lat'><em>.</em></span> <span class='ocrx_word' id='word_1_93' title='bbox 140 1714 314 1790; x_wconf 90' lang='lat' dir='ltr'><strong>redolent</strong></span> <span class='ocrx_word' id='word_1_94' title='bbox 339 1713 533 1807; x_wconf 86' lang='lat' dir='ltr'><strong>fallaciam,</strong></span> <span class='ocrx_word' id='word_1_95' title='bbox 568 1741 690 1818; x_wconf 86' lang='lat' dir='ltr'><strong>neque</strong></span> <span class='ocrx_word' id='word_1_96' title='bbox 715 1741 805 1814; x_wconf 88' lang='lat' dir='ltr'><strong>vero</strong></span> <span class='ocrx_word' id='word_1_97' title='bbox 833 1705 1024 1820; x_wconf 81' lang='lat' dir='ltr'><strong>deceptam</strong></span> <span class='ocrx_word' id='word_1_98' title='bbox 1050 1715 1243 1792; x_wconf 87' lang='lat' dir='ltr'><strong>credulita·</strong></span> 
     </span>
     <span class='ocr_line' id='line_1_15' title="bbox 140 1840 1243 1944; baseline 0.002 -31"><span class='ocrx_word' id='word_1_99' title='bbox 140 1855 238 1937; x_wconf 86' lang='lat' dir='ltr'><strong>tem;¹</strong></span> <span class='ocrx_word' id='word_1_100' title='bbox 265 1842 355 1930; x_wconf 88' lang='lat' dir='ltr'><strong>imo,</strong></span> <span class='ocrx_word' id='word_1_101' title='bbox 369 1877 370 1880; x_wconf 36' lang='lat'>¹</span> <span class='ocrx_word' id='word_1_102' title='bbox 386 1863 464 1911; x_wconf 92' lang='lat' dir='ltr'><strong>non</strong></span> <span class='ocrx_word' id='word_1_103' title='bbox 483 1840 603 1914; x_wconf 90' lang='lat' dir='ltr'><strong>obiter</strong></span> <span class='ocrx_word' id='word_1_104' title='bbox 622 1865 708 1913; x_wconf 90' lang='lat' dir='ltr'><strong>eum</strong></span> <span class='ocrx_word' id='word_1_105' title='bbox 732 1842 962 1943; x_wconf 81' lang='lat' dir='ltr'><strong>investigasse</strong></span> <span class='ocrx_word' id='word_1_106' title='bbox 986 1845 1025 1916; x_wconf 92' lang='lat' dir='ltr'><strong>in</strong></span> <span class='ocrx_word' id='word_1_107' title='bbox 1044 1842 1160 1944; x_wconf 78' lang='lat' dir='ltr'><strong>Iguvii</strong></span> <span class='ocrx_word' id='word_1_108' title='bbox 1180 1868 1243 1915; x_wconf 89' lang='lat' dir='ltr'><strong>an-</strong></span> 
     </span>
     <span class='ocr_line' id='line_1_16' title="bbox 140 1962 1243 2070; baseline 0.006 -36"><span class='ocrx_word' id='word_1_109' title='bbox 140 1963 342 2060; x_wconf 88' lang='lat' dir='ltr'><strong>tiquitates,</strong></span> <span class='ocrx_word' id='word_1_110' title='bbox 372 1964 482 2035; x_wconf 90' lang='lat' dir='ltr'><strong>etiam</strong></span> <span class='ocrx_word' id='word_1_111' title='bbox 502 1962 645 2065; x_wconf 89' lang='lat' dir='ltr'><strong>reliqua</strong></span> <span class='ocrx_word' id='word_1_112' title='bbox 671 1962 734 2036; x_wconf 91' lang='lat' dir='ltr'><strong>illa</strong></span> <span class='ocrx_word' id='word_1_113' title='bbox 754 1965 934 2066; x_wconf 84' lang='lat' dir='ltr'><strong>praefatio</strong></span> <span class='ocrx_word' id='word_1_114' title='bbox 960 1967 1069 2040; x_wconf 89' lang='lat' dir='ltr'><strong>alicui</strong></span> <span class='ocrx_word' id='word_1_115' title='bbox 1093 1991 1243 2070; x_wconf 90' lang='lat' dir='ltr'><strong>persua-</strong></span> 
     </span>
     <span class='ocr_line' id='line_1_17' title="bbox 141 2083 1243 2188; baseline 0.007 -31"><span class='ocrx_word' id='word_1_116' title='bbox 141 2086 241 2157; x_wconf 89' lang='lat' dir='ltr'><strong>serit.</strong></span> <span class='ocrx_word' id='word_1_117' title='bbox 282 2083 503 2177; x_wconf 89' lang='lat' dir='ltr'><strong>Bonarotae,</strong></span> <span class='ocrx_word' id='word_1_118' title='bbox 524 2084 636 2160; x_wconf 90' lang='lat' dir='ltr'><strong>docto</strong></span> <span class='ocrx_word' id='word_1_119' title='bbox 654 2086 852 2188; x_wconf 78' lang='lat' dir='ltr'><strong>subtilique</strong></span> <span class='ocrx_word' id='word_1_120' title='bbox 870 2086 1025 2182; x_wconf 91' lang='lat' dir='ltr'><strong>homini,</strong></span> <span class='ocrx_word' id='word_1_121' title='bbox 1045 2092 1111 2164; x_wconf 89' lang='lat' dir='ltr'><strong>ubi</strong></span> <span class='ocrx_word' id='word_1_122' title='bbox 1128 2089 1243 2164; x_wconf 87' lang='lat' dir='ltr'><strong>multa</strong></span> 
     </span>
     <span class='ocr_line' id='line_1_18' title="bbox 142 2203 1242 2316; baseline 0.007 -36"><span class='ocrx_word' id='word_1_123' title='bbox 142 2205 313 2281; x_wconf 87' lang='lat' dir='ltr'><strong>disseruit</strong></span> <span class='ocrx_word' id='word_1_124' title='bbox 327 2203 374 2280; x_wconf 91' lang='lat' dir='ltr'><strong>de</strong></span> <span class='ocrx_word' id='word_1_125' title='bbox 390 2206 543 2282; x_wconf 82' lang='lat' dir='ltr'><strong>Tabulis</strong></span> <span class='ocrx_word' id='word_1_126' title='bbox 556 2209 759 2310; x_wconf 84' lang='lat' dir='ltr'><strong>Eugubinis</strong></span> <span class='ocrx_word' id='word_1_127' title='bbox 774 2209 854 2308; x_wconf 75' lang='lat'><strong>(¹²),</strong></span> <span class='ocrx_word' id='word_1_128' title='bbox 875 2212 969 2285; x_wconf 91' lang='lat' dir='ltr'><strong>nihil</strong></span> <span class='ocrx_word' id='word_1_129' title='bbox 985 2238 1126 2307; x_wconf 90' lang='lat' dir='ltr'><strong>eorum,</strong></span> <span class='ocrx_word' id='word_1_130' title='bbox 1149 2239 1242 2316; x_wconf 83' lang='lat' dir='ltr'><strong>quae</strong></span> 
     </span>
     <span class='ocr_line' id='line_1_19' title="bbox 142 2329 1241 2440; baseline 0.004 -34"><span class='ocrx_word' id='word_1_131' title='bbox 142 2329 327 2406; x_wconf 88' lang='lat' dir='ltr'><strong>Conciolo</strong></span> <span class='ocrx_word' id='word_1_132' title='bbox 345 2335 479 2434; x_wconf 88' lang='lat' dir='ltr'><strong>scripta</strong></span> <span class='ocrx_word' id='word_1_133' title='bbox 496 2332 622 2425; x_wconf 86' lang='lat' dir='ltr'><strong>refert,</strong></span> <span class='ocrx_word' id='word_1_134' title='bbox 634 2383 638 2408; x_wconf 72' lang='grc'>,</span> <span class='ocrx_word' id='word_1_135' title='bbox 651 2335 690 2405; x_wconf 92' lang='lat' dir='ltr'><strong>in</strong></span> <span class='ocrx_word' id='word_1_136' title='bbox 709 2336 954 2437; x_wconf 87' lang='lat' dir='ltr'><strong>suspicionem</strong></span> <span class='ocrx_word' id='word_1_137' title='bbox 972 2340 1086 2429; x_wconf 88' lang='lat' dir='ltr'><strong>venit,</strong></span> <span class='ocrx_word' id='word_1_138' title='bbox 1115 2365 1241 2440; x_wconf 89' lang='lat' dir='ltr'><strong>quam-</strong></span> 
     </span>
     <span class='ocr_line' id='line_1_20' title="bbox 141 2455 1242 2564; baseline 0.007 -36"><span class='ocrx_word' id='word_1_139' title='bbox 141 2481 251 2556; x_wconf 88' lang='lat' dir='ltr'><strong>quam</strong></span> <span class='ocrx_word' id='word_1_140' title='bbox 283 2471 320 2530; x_wconf 92' lang='lat' dir='ltr'><strong>et</strong></span> <span class='ocrx_word' id='word_1_141' title='bbox 348 2455 447 2531; x_wconf 87' lang='lat' dir='ltr'><strong>hune</strong></span> <span class='ocrx_word' id='word_1_142' title='bbox 477 2461 677 2532; x_wconf 85' lang='lat' dir='ltr'><strong>accuratius</strong></span> <span class='ocrx_word' id='word_1_143' title='bbox 703 2461 741 2532; x_wconf 90' lang='lat' dir='ltr'><strong>in</strong></span> <span class='ocrx_word' id='word_1_144' title='bbox 766 2457 832 2532; x_wconf 90' lang='lat' dir='ltr'><strong>bas</strong></span> <span class='ocrx_word' id='word_1_145' title='bbox 859 2485 916 2535; x_wconf 88' lang='lat' dir='ltr'><strong>res</strong></span> <span class='ocrx_word' id='word_1_146' title='bbox 942 2463 1170 2564; x_wconf 77' lang='lat' dir='ltr'><strong>inquisivisse</strong></span> <span class='ocrx_word' id='word_1_147' title='bbox 1198 2488 1242 2536; x_wconf 86' lang='lat' dir='ltr'><strong>ex</strong></span> 
     </span>
     <span class='ocr_line' id='line_1_21' title="bbox 139 2571 1241 2689; baseline 0.007 -37"><span class='ocrx_word' id='word_1_148' title='bbox 139 2582 216 2654; x_wconf 92' lang='lat' dir='ltr'><strong>eius</strong></span> <span class='ocrx_word' id='word_1_149' title='bbox 235 2583 378 2682; x_wconf 88' lang='lat' dir='ltr'><strong>scriptis</strong></span> <span class='ocrx_word' id='word_1_150' title='bbox 396 2598 560 2684; x_wconf 87' lang='lat' dir='ltr'><strong>apparet.</strong></span> <span class='ocrx_word' id='word_1_151' title='bbox 603 2571 706 2656; x_wconf 87' lang='lat' dir='ltr'><strong>Nihil</strong></span> <span class='ocrx_word' id='word_1_152' title='bbox 725 2599 881 2687; x_wconf 86' lang='lat' dir='ltr'><strong>uterque</strong></span> <span class='ocrx_word' id='word_1_153' title='bbox 900 2585 1035 2689; x_wconf 90' lang='lat' dir='ltr'><strong>aliique</strong></span> <span class='ocrx_word' id='word_1_154' title='bbox 1050 2584 1116 2688; x_wconf 81' lang='lat'><strong>(¹³)</strong></span> <span class='ocrx_word' id='word_1_155' title='bbox 1134 2585 1241 2660; x_wconf 90' lang='lat' dir='ltr'><strong>multi</strong></span> 
     </span>
     <span class='ocr_line' id='line_1_22' title="bbox 137 2702 1240 2812; baseline 0.01 -36"><span class='ocrx_word' id='word_1_156' title='bbox 137 2702 268 2777; x_wconf 90' lang='lat' dir='ltr'><strong>harum</strong></span> <span class='ocrx_word' id='word_1_157' title='bbox 297 2729 422 2777; x_wconf 88' lang='lat' dir='ltr'><strong>rerum</strong></span> <span class='ocrx_word' id='word_1_158' title='bbox 449 2705 677 2808; x_wconf 82' lang='lat' dir='ltr'><strong>indagatores</strong></span> <span class='ocrx_word' id='word_1_159' title='bbox 704 2721 935 2812; x_wconf 90' lang='lat' dir='ltr'><strong>compertum</strong></span> <span class='ocrx_word' id='word_1_160' title='bbox 959 2709 1168 2786; x_wconf 79' lang='lat' dir='ltr'><strong>habuerrmt</strong></span> <span class='ocrx_word' id='word_1_161' title='bbox 1193 2709 1240 2786; x_wconf 90' lang='lat' dir='ltr'><strong>de</strong></span> 
     </span>
     <span class='ocr_line' id='line_1_23' title="bbox 136 2827 1237 2925; baseline 0.01 -25"><span class='ocrx_word' id='word_1_162' title='bbox 136 2827 363 2902; x_wconf 89' lang='lat' dir='ltr'><strong>solemnibus</strong></span> <span class='ocrx_word' id='word_1_163' title='bbox 381 2828 454 2902; x_wconf 92' lang='lat' dir='ltr'><strong>illis</strong></span> <span class='ocrx_word' id='word_1_164' title='bbox 481 2834 649 2905; x_wconf 88' lang='lat' dir='ltr'><strong>emtionis</strong></span> <span class='ocrx_word' id='word_1_165' title='bbox 673 2830 818 2925; x_wconf 88' lang='lat' dir='ltr'><strong>litteris,</strong></span> <span class='ocrx_word' id='word_1_166' title='bbox 846 2837 886 2906; x_wconf 89' lang='lat' dir='ltr'><strong>in</strong></span> <span class='ocrx_word' id='word_1_167' title='bbox 911 2837 1107 2910; x_wconf 90' lang='lat' dir='ltr'><strong>secretiore</strong></span> <span class='ocrx_word' id='word_1_168' title='bbox 1132 2837 1237 2911; x_wconf 82' lang='lat' dir='ltr'><strong>tabu-</strong></span> 
     </span>
     <span class='ocr_line' id='line_1_24' title="bbox 135 2937 1238 3064; baseline 0.009 -39"><span class='ocrx_word' id='word_1_169' title='bbox 135 2951 227 3027; x_wconf 86' lang='lat' dir='ltr'><strong>lario</strong></span> <span class='ocrx_word' id='word_1_170' title='bbox 254 2951 300 3026; x_wconf 90' lang='lat' dir='ltr'><strong>ad</strong></span> <span class='ocrx_word' id='word_1_171' title='bbox 325 2952 425 3027; x_wconf 91' lang='lat' dir='ltr'><strong>bunc</strong></span> <span class='ocrx_word' id='word_1_172' title='bbox 451 2951 549 3027; x_wconf 91' lang='lat' dir='ltr'><strong>diem</strong></span> <span class='ocrx_word' id='word_1_173' title='bbox 573 2952 791 3058; x_wconf 88' lang='lat' dir='ltr'><strong>adservatis,</strong></span> <span class='ocrx_word' id='word_1_174' title='bbox 816 2937 917 3032; x_wconf 83' lang='lat' dir='ltr'><strong>unde</strong></span> <span class='ocrx_word' id='word_1_175' title='bbox 942 2957 1140 3052; x_wconf 84' lang='lat' dir='ltr'><strong>Passerius,</strong></span> <span class='ocrx_word' id='word_1_176' title='bbox 1173 2964 1238 3064; x_wconf 82' lang='lat' dir='ltr'><strong>qui</strong></span> 
     </span>
     <span class='ocr_line' id='line_1_25' title="bbox 135 3076 1236 3180; baseline 0.014 -36"><span class='ocrx_word' id='word_1_177' title='bbox 135 3077 274 3174; x_wconf 89' lang='lat' dir='ltr'><strong>primus</strong></span> <span class='ocrx_word' id='word_1_178' title='bbox 301 3103 360 3152; x_wconf 90' lang='lat' dir='ltr'><strong>eas</strong></span> <span class='ocrx_word' id='word_1_179' title='bbox 385 3078 578 3180; x_wconf 75' lang='lat' dir='ltr'><strong>evulgavit,</strong></span> <span class='ocrx_word' id='word_1_180' title='bbox 608 3104 756 3153; x_wconf 88' lang='lat' dir='ltr'><strong>omnem</strong></span> <span class='ocrx_word' id='word_1_181' title='bbox 779 3076 892 3153; x_wconf 90' lang='lat' dir='ltr'><strong>fidem</strong></span> <span class='ocrx_word' id='word_1_182' title='bbox 917 3079 1102 3156; x_wconf 88' lang='lat' dir='ltr'><strong>Conciolo</strong></span> <span class='ocrx_word' id='word_1_183' title='bbox 1128 3080 1236 3159; x_wconf 92' lang='lat' dir='ltr'><strong>dero·</strong></span> 
     </span>
     <span class='ocr_line' id='line_1_26' title="bbox 62 3195 1234 3308; baseline 0.015 -43"><span class='ocrx_word' id='word_1_184' title='bbox 62 3259 64 3264; x_wconf 79' lang='grc'>,</span> <span class='ocrx_word' id='word_1_185' title='bbox 135 3195 289 3298; x_wconf 82' lang='lat' dir='ltr'><strong>gandam</strong></span> <span class='ocrx_word' id='word_1_186' title='bbox 308 3225 385 3276; x_wconf 88' lang='lat' dir='ltr'><strong>esse</strong></span> <span class='ocrx_word' id='word_1_187' title='bbox 404 3205 631 3279; x_wconf 87' lang='lat' dir='ltr'><strong>existimavit.</strong></span> <span class='ocrx_word' id='word_1_188' title='bbox 674 3200 779 3297; x_wconf 92' lang='lat' dir='ltr'><strong>Quae</strong></span> <span class='ocrx_word' id='word_1_189' title='bbox 798 3229 856 3278; x_wconf 87' lang='lat' dir='ltr'><strong>res</strong></span> <span class='ocrx_word' id='word_1_190' title='bbox 876 3210 1151 3308; x_wconf 78' lang='lat' dir='ltr'><strong>quumgravior</strong></span> <span class='ocrx_word' id='word_1_191' title='bbox 1166 3231 1234 3283; x_wconf 89' lang='lat' dir='ltr'><strong>no-</strong></span> 
     </span>
     <span class='ocr_line' id='line_1_27' title="bbox 133 3309 1235 3430; baseline 0.01 -34"><span class='ocrx_word' id='word_1_192' title='bbox 133 3324 191 3398; x_wconf 88' lang='lat' dir='ltr'><strong>bis</strong></span> <span class='ocrx_word' id='word_1_193' title='bbox 221 3319 399 3420; x_wconf 85' lang='lat' dir='ltr'><strong>videatur,</strong></span> <span class='ocrx_word' id='word_1_194' title='bbox 434 3309 544 3430; x_wconf 83' lang='lat' dir='ltr'><strong>quam</strong></span> <span class='ocrx_word' id='word_1_195' title='bbox 568 3343 611 3400; x_wconf 90' lang='lat' dir='ltr'><strong>ut</strong></span> <span class='ocrx_word' id='word_1_196' title='bbox 635 3343 763 3402; x_wconf 87' lang='lat' dir='ltr'><strong>nostro</strong></span> <span class='ocrx_word' id='word_1_197' title='bbox 790 3325 926 3404; x_wconf 90' lang='lat' dir='ltr'><strong>iudicio</strong></span> <span class='ocrx_word' id='word_1_198' title='bbox 951 3330 1022 3404; x_wconf 91' lang='lat' dir='ltr'><strong>soli</strong></span> <span class='ocrx_word' id='word_1_199' title='bbox 1048 3330 1235 3407; x_wconf 88' lang='lat' dir='ltr'><strong>confidere</strong></span> 
     </span>
     <span class='ocr_line' id='line_1_28' title="bbox 103 3446 1233 3558; baseline 0.006 -34"><span class='ocrx_word' id='word_1_200' title='bbox 103 3481 106 3489; x_wconf 86' lang='lat'>·</span> <span class='ocrx_word' id='word_1_201' title='bbox 131 3446 300 3539; x_wconf 85' lang='lat' dir='ltr'><strong>velimus,</strong></span> <span class='ocrx_word' id='word_1_202' title='bbox 322 3446 395 3522; x_wconf 90' lang='lat' dir='ltr'><strong>hoc</strong></span> <span class='ocrx_word' id='word_1_203' title='bbox 413 3467 550 3524; x_wconf 90' lang='lat' dir='ltr'><strong>emtum</strong></span> <span class='ocrx_word' id='word_1_204' title='bbox 568 3477 719 3554; x_wconf 84' lang='lat' dir='ltr'><strong>quoque</strong></span> <span class='ocrx_word' id='word_1_205' title='bbox 739 3451 930 3556; x_wconf 80' lang='lat' dir='ltr'><strong>quomodo</strong></span> <span class='ocrx_word' id='word_1_206' title='bbox 947 3481 967 3530; x_wconf 93' lang='lat' dir='ltr'><strong>a</strong></span> <span class='ocrx_word' id='word_1_207' title='bbox 985 3455 1233 3558; x_wconf 72' lang='lat' dir='ltr'><strong>Passer10(¹⁴)</strong></span> 
     </span>
     <span class='ocr_line' id='line_1_29' title="bbox 131 3571 1171 3702; baseline 0.009 -55"><span class='ocrx_word' id='word_1_208' title='bbox 131 3571 319 3674; x_wconf 83' lang='lat' dir='ltr'><strong>vulgatum</strong></span> <span class='ocrx_word' id='word_1_209' title='bbox 343 3575 402 3665; x_wconf 90' lang='lat' dir='ltr'><strong>sit,</strong></span> <span class='ocrx_word' id='word_1_210' title='bbox 430 3577 612 3678; x_wconf 80' lang='lat' dir='ltr'><strong>integrum</strong></span> <span class='ocrx_word' id='word_1_211' title='bbox 636 3573 792 3702; x_wconf 77' lang='lat' dir='ltr'><strong>reddere</strong></span> <span class='ocrx_word' id='word_1_212' title='bbox 816 3578 937 3654; x_wconf 91' lang='lat' dir='ltr'><strong>liceat.</strong></span> <span class='ocrx_word' id='word_1_213' title='bbox 1169 3583 1171 3593; x_wconf 77' lang='grc'><strong>“</strong></span> 
     </span>
    </p>
   </div>
   <div class='ocr_carea' id='block_1_3' title="bbox 143 3703 1123 4037">
    <p class='ocr_par' dir='ltr' id='par_1_4' title="bbox 143 3703 1123 4037">
     <span class='ocr_line' id='line_1_30' title="bbox 183 3703 1072 3838; baseline 0.007 -30"><span class='ocrx_word' id='word_1_214' title='bbox 183 3748 245 3826; x_wconf 76' lang='lat'>(12)</span> <span class='ocrx_word' id='word_1_215' title='bbox 271 3749 306 3808; x_wconf 87' lang='lat' dir='ltr'><strong>In</strong></span> <span class='ocrx_word' id='word_1_216' title='bbox 319 3753 451 3824; x_wconf 73' lang='lat' dir='ltr'><strong>Explica.</strong></span> <span class='ocrx_word' id='word_1_217' title='bbox 464 3759 505 3808; x_wconf 88' lang='lat' dir='ltr'><strong>ad</strong></span> <span class='ocrx_word' id='word_1_218' title='bbox 515 3737 648 3828; x_wconf 68' lang='lat' dir='ltr'><strong>Dsmpst.</strong></span> <span class='ocrx_word' id='word_1_219' title='bbox 662 3703 725 3814; x_wconf 73' lang='lat' dir='ltr'><strong>Eli.</strong></span> <span class='ocrx_word' id='word_1_220' title='bbox 739 3754 816 3838; x_wconf 82' lang='lat' dir='ltr'><strong>Reg.</strong></span> <span class='ocrx_word' id='word_1_221' title='bbox 828 3754 894 3816; x_wconf 80' lang='lat' dir='ltr'><strong>add.</strong></span> <span class='ocrx_word' id='word_1_222' title='bbox 907 3777 936 3837; x_wconf 81' lang='lat' dir='ltr'><strong>p.</strong></span> <span class='ocrx_word' id='word_1_223' title='bbox 946 3767 997 3816; x_wconf 77' lang='lat'><strong>102</strong></span> <span class='ocrx_word' id='word_1_224' title='bbox 1009 3777 1072 3835; x_wconf 79' lang='lat' dir='ltr'><strong>sqq.</strong></span> 
     </span>
     <span class='ocr_line' id='line_1_31' title="bbox 143 3838 1123 3937; baseline 0.003 -23"><span class='ocrx_word' id='word_1_225' title='bbox 143 3909 145 3914; x_wconf 91' lang='lat'><em>.</em></span> <span class='ocrx_word' id='word_1_226' title='bbox 183 3838 246 3928; x_wconf 79' lang='lat'><strong>(¹³)</strong></span> <span class='ocrx_word' id='word_1_227' title='bbox 272 3848 492 3915; x_wconf 81' lang='lat' dir='ltr'><strong>Commemorat</strong></span> <span class='ocrx_word' id='word_1_228' title='bbox 509 3853 546 3916; x_wconf 87' lang='lat' dir='ltr'><strong>de</strong></span> <span class='ocrx_word' id='word_1_229' title='bbox 563 3854 598 3918; x_wconf 86' lang='lat' dir='ltr'><strong>iis</strong></span> <span class='ocrx_word' id='word_1_230' title='bbox 614 3855 692 3918; x_wconf 85' lang='lat' dir='ltr'><strong>Mai</strong></span> <span class='ocrx_word' id='word_1_231' title='bbox 694 3855 709 3916; x_wconf 85' lang='lat' dir='ltr'>f</span> <span class='ocrx_word' id='word_1_232' title='bbox 712 3856 746 3918; x_wconf 84' lang='lat' dir='ltr'><strong>ei</strong></span> <span class='ocrx_word' id='word_1_233' title='bbox 765 3853 831 3918; x_wconf 88' lang='lat' dir='ltr'><strong>Oss.</strong></span> <span class='ocrx_word' id='word_1_234' title='bbox 844 3858 922 3918; x_wconf 72' lang='lat' dir='ltr'><strong>Leti.</strong></span> <span class='ocrx_word' id='word_1_235' title='bbox 936 3855 1011 3928; x_wconf 60' lang='lat' dir='ltr'><strong>TN.</strong></span> <span class='ocrx_word' id='word_1_236' title='bbox 1024 3869 1123 3937; x_wconf 81' lang='lat' dir='ltr'><strong>p.330.</strong></span> 
     </span>
     <span class='ocr_line' id='line_1_32' title="bbox 182 3951 485 4037; baseline 0.026 -27"><span class='ocrx_word' id='word_1_237' title='bbox 182 3951 244 4029; x_wconf 71' lang='lat'>(¹4)</span> <span class='ocrx_word' id='word_1_238' title='bbox 270 3957 485 4037; x_wconf 64' lang='lat' dir='ltr'><strong>Paratpmll.</strong></span> 
     </span>
    </p>
   </div>
   <div class='ocr_carea' id='block_1_4' title="bbox 643 4011 658 4048">
    <p class='ocr_par' dir='ltr' id='par_1_5' title="bbox 643 4011 658 4048">
     <span class='ocr_line' id='line_1_33' title="bbox 643 4011 658 4048; baseline 0 0"><span class='ocrx_word' id='word_1_239' title='bbox 643 4011 658 4048; x_wconf 66' lang='grc' dir='ltr'><strong>θ</strong></span> 
     </span>
    </p>
   </div>
   <div class='ocr_carea' id='block_1_5' title="bbox 0 0 1284 4314">
    <p class='ocr_par' dir='ltr' id='par_1_6' title="bbox 0 0 1284 4314">
     <span class='ocr_line' id='line_1_34' title="bbox 0 0 1284 4314; baseline 0 5"><span class='ocrx_word' id='word_1_240' title='bbox 0 0 1284 4314; x_wconf 95' lang='lat' dir='ltr'><strong> </strong></span> 
     </span>
    </p>
   </div>
  </div>
 </body>
</html>
